1940 3072
154 123 222 176 66

154 251 252 291 Leo
291 262 450 301 senex,
499 261 630 303 aper,
669 251 827 288 taurus
864 250 912 288 et

213 306 369 347 asinus
396 306 434 357 Ι,
456 306 508 345 21

156 362 310 414 Lepus
334 364 381 402 et
398 359 625 401 bubulcus
647 359 761 411 App.
781 359 836 398 26

154 418 313 470 Lupus
335 416 393 457 ad
415 428 577 456 canem
594 416 680 466 III,
704 417 727 455 7

154 473 311 525 Lupus
334 476 380 513 et
400 483 545 525 agnus
564 471 601 522 Ι,
626 472 649 510 1

155 529 314 581 Lupus
336 530 383 568 et
402 527 527 579 gruis
547 527 584 578 Ι,
605 527 632 567 8

154 584 312 635 Lupus
341 585 388 623 et
414 582 578 635 vulpes
605 581 757 622 iudice
780 581 911 622 simio

210 640 248 689 Ι,
272 639 325 680 10

156 694 211 735 de
231 695 358 735 Lusu
381 696 427 735 et
449 693 698 735 severitate
720 693 806 744 ΙΙΙ,
830 693 884 732 14

155 803 307 847 Malas
329 818 430 847 esse
451 805 637 848 divitias
657 805 735 856 IV,
759 805 810 844 12

155 862 409 903 Mercurius
451 865 496 903 et
535 861 652 901 duae
696 860 912 900 mulieres

155 931 376 1013 Mergi-'rix
397 976 444 1014 et
463 973 643 1014 iuvenis
664 971 779 1024 App.
801 973 855 1011 27

154 1029 325 1069 Miluus
347 1032 393 1069 et
412 1029 648 1070 columbae
666 1029 703 1078 Ι,
727 1029 780 1069 31

154 1084 285 1125 Mons
305 1086 563 1137 parturiens
581 1085 662 1136 IV,
682 1085 737 1124 23

154 1139 272 1180 Muli
292 1140 379 1180 duo
400 1143 447 1180 et
464 1143 673 1192 raptores
693 1139 756 1190 ΙΙ,
782 1139 807 1178 7

155 1195 323 1235 Mulier
341 1196 602 1248 parturiens
621 1195 659 1246 Ι,
683 1196 735 1235 18

154 1251 322 1291 Mulier
340 1251 479 1291 vidua
500 1253 546 1292 et
563 1250 694 1291 miles
716 1249 834 1302 App.
859 1250 911 1290 13

154 1306 316 1346 Musca
338 1310 385 1347 et
403 1306 527 1346 mula
546 1306 634 1356 ΙΙΙ,
661 1307 687 1345 6

155 1361 354 1402 Mustela
375 1367 420 1403 et
439 1362 571 1403 homo
592 1363 630 1414 Ι,
653 1363 706 1402 22

158 1471 291 1526 Ovis,
315 1474 444 1514 canis
468 1476 514 1513 et
532 1471 664 1526 lupus
685 1474 721 1525 Ι,
746 1474 797 1514 17

159 1529 291 1581 Ovis,
322 1541 484 1570 cervus
507 1532 554 1569 et
575 1529 707 1581 lupus
726 1529 764 1580 Ι,
789 1529 839 1568 16

157 1639 393 1683 Panthera
416 1643 462 1681 et
482 1644 692 1693 pastores
714 1639 799 1690 III,
821 1640 846 1678 2

158 1697 340 1750 Papilio
364 1700 410 1738 et
428 1709 573 1748 vespa
593 1697 706 1748 App.
729 1697 782 1735 29

158 1753 329 1793 Passer
351 1752 407 1792 ad
423 1751 626 1805 leporem
646 1750 914 1791 consiliator

158 1809 323 1904 PaIs'tdr
345 1867 390 1904 et
411 1862 590 1916 capella
611 1862 726 1915 App.
749 1863 803 1902 22

159 1919 504 1960 Paterfamilias
526 1920 786 1971 etAesopus
800 1917 914 1970 App.

159 1977 287 2072 Paleo
309 2031 369 2071 ad
384 2032 601 2072 Iunonem
623 2029 676 2071 de
694 2041 808 2072 voce
830 2041 914 2069 sua

159 2087 394 2182 pssssfiffis
415 2142 492 2192 IV,
517 2143 555 2182 τ.
580 2143 632 2181 21

160 2197 393 2263 Phaedrus
442 2197 499 2237 ad
538 2196 795 2249 Eutychum
843 2197 912 2237 ΙΙΙ

159 2256 407 2359 Ρζὲἶζῑη,
434 2310 499 2349 10.
521 2307 583 2348 ib.
605 2306 680 2348 fin.
704 2308 781 2360 IV,
807 2310 845 2347 2.
869 2307 910 2352 5.

216 2366 284 2405 25.
317 2366 356 2406 V
375 2364 475 2406 init.

160 2420 306 2485 Poeta
323 2420 379 2459 ad
388 2417 729 2459 Particulonem
740 2418 801 2459 IV
812 2419 912 2460 init.

160 2474 404 2583 Pdrlnpirilus
425 2531 619 2583 Magnus
647 2532 693 2571 et
715 2530 811 2571 eius
831 2529 913 2569 mi-

215 2586 284 2626 les
303 2586 417 2639 App.
441 2587 467 2626 8

161 2642 377 2694 Princeps
397 2642 568 2682 tibicen
588 2643 642 2689 V,
666 2643 690 2682 7

162 2697 383 2749 Prologus
404 2698 426 2738 Ι
444 2697 545 2740 init.

669 124 858 170 INDEX
879 123 1232 169 POEMATVM.

995 246 1294 288 Prometheus
1315 246 1396 297 IV,
1422 248 1488 288 14.
1512 248 1564 288 15

995 303 1294 344 Prometheus
1317 306 1362 343 et
1382 303 1510 343 dolus
1534 303 1646 356 App.
1668 303 1697 343 4

996 358 1159 411 Pugna
1177 359 1371 399 murium
1393 361 1439 399 et
1457 358 1754 399 mustelarum

996 415 1243 511 Pullllisssad
1269 471 1564 524 margaritam
1591 469 1676 520 ΙΙΙ,
1701 469 1754 508 12

995 593 1131 637 Rana
1150 590 1288 648 rupta
1309 599 1356 637 et
1374 597 1458 637 bos
1484 597 1520 649 Ι,
1542 597 1597 636 24

994 651 1156 692 Ranae
1179 651 1236 692 ad
1257 651 1398 693 solem
1416 652 1454 703 Ι,
1476 653 1502 692 6

996 707 1154 748 Ranae
1207 710 1463 748 metuentes
1522 709 1755 746 taurorum

1052 763 1230 816 proelia
1249 765 1285 811 I,
1308 766 1362 804 30
1629 775 1635 779 ·

996 818 1155 860 Ranae
1176 832 1332 872 regem
1355 819 1587 871 petierunt
1613 817 1649 868 Ι,
1671 818 1697 856 2

998 942 1159 987 Scrofa
1211 945 1471 997 parturiens
1524 946 1570 983 et
1620 941 1754 994 lupus
1836 940 1842 945 '

1051 1001 1167 1053 App.
1198 1002 1249 1041 17

1001 1057 1170 1098 Scurra
1191 1060 1238 1096 et
1258 1057 1459 1096 rusticus
1479 1055 1534 1105 V,
1560 1056 1586 1095 5

999 1111 1196 1164 Serpens
1229 1112 1287 1152 ad
1311 1112 1490 1152 fabrum
1514 1109 1755 1150 ferrarium

1053 1168 1132 1217 IV,
1153 1169 1180 1208 8

1000 1222 1197 1276 Serpens
1219 1226 1266 1265 et
1284 1223 1465 1264 lacerta
1485 1221 1600 1274 App.
1622 1223 1675 1262 23

999 1280 1211 1331 Serpens.
1258 1277 1572 1319 misericordia
1593 1275 1758 1317 nociva

1051 1335 1129 1385 IV,
1153 1336 1204 1375 19

1000 1391 1167 1432 Servus
1192 1393 1238 1431 et
1259 1390 1463 1431 dominus
1486 1388 1603 1442 App.
1625 1388 1681 1428 25

998 1446 1167 1486 Simius
1189 1448 1235 1486 et
1252 1447 1414 1498 vulpes
1435 1445 1551 1497 App.
1574 1445 1596 1484 I

999 1501 1054 1541 de
1077 1501 1309 1542 Simonide
1331 1502 1410 1552 IV,
1432 1503 1485 1540 22

999 1556 1211 1597 Socrates
1235 1557 1292 1597 ad
1314 1558 1484 1597 amicos
1506 1556 1588 1607 ΙΙΙ,
1610 1556 1639 1595 9

1000 1611 1136 1653 Soror
1157 1615 1203 1652 et
1222 1612 1369 1653 frater
1386 1613 1472 1663 III,
1496 1614 1521 1652 8

1001 1681 1056 1709 ex
1077 1668 1237 1709 Sutore
1267 1667 1469 1709 medicus
1489 1668 1525 1718 Ι,
1553 1667 1606 1706 14

1000 1792 1178 1835 Taurus
1201 1797 1246 1835 et
1263 1793 1437 1835 vitulus
1458 1792 1510 1843 V,
1534 1794 1559 1832 9

1000 1851 1198 1902 Tempus
1221 1851 1277 1902 V,
1300 1851 1327 1891 8

1000 1905 1281 1947 Terraneola
1303 1907 1349 1945 et
1369 1905 1531 1959 vulpes
1551 1903 1662 1957 App.
1682 1906 1737 1945 30

998 2029 1171 2082 Vacca,
1190 2029 1385 2083 capella,
1403 2031 1501 2071 ovis
1519 2034 1565 2070 et
1581 2030 1652 2069 leo
1674 2029 1710 2080 Ι,
1728 2030 1754 2069 5

999 2087 1158 2127 Viator
1181 2090 1225 2126 et
1246 2098 1406 2127 corvus
1430 2086 1546 2138 App.
1571 2087 1622 2125 21

999 2143 1210 2184 Viatores
1233 2144 1279 2182 et
1298 2141 1416 2182 latro
1439 2141 1492 2194 V,
1515 2143 1539 2181 2

1001 2198 1056 2238 de
1077 2196 1217 2238 Vitiis
1238 2197 1468 2237 hominum
1488 2196 1567 2249 IV,
1593 2198 1644 2237 10

998 2255 1142 2295 Vrsus
1166 2254 1371 2293 esuriens
1395 2252 1510 2305 App.
1533 2254 1587 2293 20

1001 2309 1055 2349 de
1076 2307 1224 2360 Vulpe
1247 2311 1292 2349 et
1311 2321 1402 2349 uva
1422 2309 1498 2355 IV,
1522 2311 1546 2349 3
1574 2351 1577 2353 Α

998 2364 1169 2416 Vulpes
1193 2363 1250 2403 ad
1268 2377 1507 2416 personam
1529 2363 1755 2414 tragicam

1055 2421 1091 2469 Ι,
1118 2421 1142 2460 7

999 2475 1172 2527 Vulpes
1196 2477 1241 2515 et
1263 2474 1417 2527 aquila
1437 2476 1474 2526 Ι,
1497 2476 1550 2515 28

999 2531 1172 2583 Vulpes
1195 2535 1240 2571 et
1260 2543 1397 2582 caper
1416 2531 1494 2580 IV,
1517 2532 1542 2570 9

999 2587 1172 2638 Vulpes
1194 2588 1241 2626 et
1261 2585 1439 2626 ciconia
1462 2586 1498 2636 Ι,
1523 2587 1577 2624 26

998 2643 1170 2694 Vulpes
1192 2644 1238 2682 et
1259 2653 1417 2682 corvus
1438 2641 1473 2689 Ι,
1498 2642 1549 2680 13

1000 2698 1171 2750 Vulpes
1195 2700 1240 2737 et
1260 2697 1396 2737 draco
1417 2696 1495 2746 IV,
1517 2697 1570 2736 20
