1940 3072
241 81 304 132 18
699 84 968 130 PHAEDRI
1002 83 1374 131 FABVLARVM

237 210 413 273 Magno
438 210 490 258 in
515 208 706 274 periclo
729 209 831 257 vita
856 213 1081 258 vertetur
1102 213 1205 258 tua.

239 280 371 329 Haec
396 282 528 328 inter
551 281 659 343 ipse
685 278 914 327 dominus
935 293 962 327 a
987 293 1109 328 cena
1133 278 1264 328 redit

238 350 323 406 Et,
351 350 468 414 quia
493 353 753 412 corruptos
778 347 969 396 viderat
991 363 1152 413 nuper
1176 348 1341 405 hoveS‚

239 419 441 469 Accedit
466 417 526 467 ad
550 431 817 482 praesepe:
869 417 967 467 Cur
991 417 1181 468 frondis
1204 433 1383 483 parum
1408 424 1500 477 est,

240 488 517 537 Stramenta
541 487 749 536 desunt?
795 486 988 536 Tollere
1013 487 1136 537 haec
1161 502 1340 537 aranea

239 557 486 615 Quantum
511 561 588 606 est
609 556 824 606 laboris?
872 556 998 606 Dum
1023 562 1270 607 scrutatur
1296 557 1501 622 singula,

240 627 382 677 Cervi
408 641 603 692 quoque
629 626 725 676 alta
751 628 1066 691 conspicatur
1090 641 1302 684 cornua;

239 695 394 753 Quem
420 701 682 745 convocata
713 695 856 745 iubet
881 697 1040 746 occidi
1065 697 1250 747 familia

239 765 575 831 Praedamque
601 765 742 815 tollit.
793 765 925 815 Haec
951 768 1195 830 significat
1219 766 1399 824 fabula,

240 835 502 885 Dominum
528 834 699 885 videre.
725 835 993 900 plurimum
1019 838 1072 885 in
1097 835 1248 886 rebus
1273 838 1391 887 suis.

890 960 1191 1003 AVCTOR.

311 1045 491 1109 Aesopi
516 1045 719 1108 ingenio
744 1049 956 1094 statuam
975 1059 1187 1109 posuere
1212 1047 1363 1095 Attici

243 1114 548 1178 Servumque
575 1113 876 1163 collocarunt
901 1117 1101 1163 aeterna
1125 1115 1178 1164 in
1203 1114 1329 1170 basi,

241 1183 417 1233 Patere
432 1183 628 1233 honoris
645 1184 831 1232 scirent
855 1188 910 1232 ut
935 1182 1123 1232 cunctis
1155 1184 1282 1232 viam

241 1253 344 1303 Nec
369 1254 542 1316 generi
566 1251 747 1310 tribui,
774 1253 860 1302 sed
886 1254 1081 1310 virtuti,
1109 1253 1332 1316 gloriam.

242 1322 481 1380 Quoniam
506 1328 772 1387 occuparat
796 1322 942 1380 alter,
970 1337 1033 1371 ne
1056 1325 1248 1387 primus
1272 1324 1443 1381 sorem,

242 1392 315 1442 Ne
342 1391 475 1441 solus
500 1398 655 1449 esset,
684 1392 874 1450 studui;
901 1391 1033 1457 quod
1059 1393 1329 1457 superfuit:

243 1461 346 1512 Nec
370 1461 491 1510 haec
515 1462 724 1517 invidia,
753 1475 923 1510 verum
949 1466 1024 1510 est
1048 1461 1324 1512 aemulatio.

244 1530 383 1588 Quod
409 1533 451 1580 si
477 1531 636 1580 labori
661 1532 839 1580 faverit
861 1531 1054 1580 Latium
1079 1546 1204 1589 meo,

243 1601 416 1651 Plures
438 1600 669 1658 habebit,
697 1616 820 1666 quos
845 1606 1058 1666 opponat
1083 1601 1337 1652 Graeciae.

245 1670 300 1719 Si
323 1671 448 1719 livor
472 1669 749 1720 obtrectare
775 1685 945 1721 curam
968 1670 1193 1728 voluerit,

245 1739 355 1790 Non
377 1745 542 1790 tamen
568 1742 748 1805 eripiet
771 1740 929 1790 laudis
955 1742 1323 1791 conscientiam.

248 1809 300 1859 Si
326 1814 550 1859 nostrum
576 1810 792 1859 studium
817 1810 878 1859 ad
904 1825 1049 1860 aures
1073 1810 1230 1860 cultas
1254 1812 1483 1876 pervenit

245 1878 308 1928 Et
332 1884 436 1928 arte
461 1880 600 1928 fictas
625 1882 817 1929 animus
842 1881 992 1929 sentit
1017 1878 1223 1938 fabulas,

248 1948 454 1999 Omnem
479 1949 727 2013 querelam
756 1949 1013 1999 submovet
1036 1950 1264 2000 felicitaS.

248 2018 335 2068 Sin
361 2023 524 2068 autem
550 2018 719 2067 doctus
743 2019 840 2068 illis
865 2021 1084 2069 occurrit
1106 2018 1262 2076 labor,

249 2087 456 2137 Sinistra
482 2102 606 2152 quos
628 2089 679 2137 in
704 2088 863 2138 lucem
887 2094 1062 2139 natura
1087 2088 1261 2140 extulit

251 2155 377 2222 [Nec
402 2159 663 2222 quicquam
690 2164 895 2221 possunt
919 2160 1017 2208 nisi
1041 2158 1272 2208 meliores
1297 2156 1547 2225 carpere,]
1585 2180 1594 2186 ³

248 2227 413 2276 Fatale
436 2227 610 2275 vitium
637 2227 783 2275 corde
810 2227 983 2277 durato
1006 2229 1178 2285 feram,

245 2295 414 2347 Donec
437 2297 687 2347 fortunam
710 2298 935 2346 criminis
958 2297 1139 2361 pudeat
1162 2299 1255 2349 sui.

1781 633 1839 676 25

1783 1677 1841 1720 10

1787 2025 1837 2068 15
