1940 3072
169 119 241 174 52
636 121 904 168 PHAEDR1
939 122 1314 168 FABVLARVM

746 276 1067 325 FABVLA
1102 275 1193 325 IV.

533 358 1015 400 PROAEOETHEVS
1044 358 1136 399 13:¹1·
1166 356 1415 400 DOLVS.

642 425 711 469 De
741 424 942 470 veritate
973 425 1023 470 et
1049 425 1309 469 mendacio.

244 515 372 565 Olim
396 514 720 564 Prometheus
745 513 900 563 seculi
925 513 1103 577 figulus
1129 513 1243 562 novi

173 586 301 636 Cura
325 584 496 635 subtili
522 585 795 633 Veritatem
818 584 1023 640 fecerat,

172 656 233 704 Vt
259 658 366 704 iura
391 660 559 721 posset
582 655 715 703 inter
740 653 967 703 homines
992 653 1222 703 reddere.

173 725 350 774 Subito
375 726 646 774 accersitus
670 725 842 773 nuntio
868 726 1035 787 magni
1059 723 1189 773 Iovis

172 795 491 846 Commendat
515 795 764 844 officinam
788 793 953 843 fallaci
979 794 1114 851 Dolo,

173 865 229 914 In
255 865 569 930 disciplinam
594 879 755 929 nuper
780 879 928 929 quem
952 870 1231 929 receperat.

172 936 265 984 Hic
290 936 454 985 studio
476 949 738 991 accensuS,
764 935 893 983 facie
918 934 1240 984 simulacrum
1264 935 1392 999 pari,

173 1006 276 1054 Vna
303 1011 512 1062 statura,
540 1005 701 1054 simile
729 1009 778 1053 et
801 1004 1042 1054 membris
1067 1003 1311 1061 omnibuS‚

173 1074 300 1124 Dum
325 1081 520 1140 tempus
544 1074 743 1131 habuit,
772 1074 948 1123 callida
973 1075 1116 1124 finxit
1142 1090 1309 1123 manu.

174 1144 313 1202 Quod
337 1160 492 1210 prope
516 1146 615 1194 iam
640 1150 798 1193 totum
821 1146 948 1193 mire
972 1159 1084 1194 cum
1107 1146 1324 1209 positum
1350 1145 1492 1202 foret.

174 1216 353 1264 Lutum
377 1216 438 1264 ad
462 1214 714 1264 faciendos
738 1214 812 1263 illi
838 1214 1021 1264 defecit
1044 1215 1216 1279 pedeS.

174 1285 320 1334 Redit
344 1287 603 1349 magister,
632 1300 729 1349 quo
754 1285 1050 1334 festinanter
1075 1284 1225 1334 Dolus

173 1355 306 1404 Metu
330 1356 559 1405 turbatus
581 1356 633 1403 in
657 1370 746 1404 suo
770 1355 900 1404 sedit
922 1354 1047 1404 loco.

172 1425 358 1475 Mirans
381 1425 708 1475 Prometheus
730 1430 917 1474 tantam
943 1424 1332 1483 similitudinem,

173 1496 410 1560 Propriae
434 1495 596 1544 videri
620 1495 774 1544 voluit
799 1497 923 1544 artis
949 1495 1173 1558 gloriam.

174 1565 331 1629 Igitur
354 1566 545 1615 fornaci
569 1567 759 1630 pariter
784 1565 881 1614 duo
907 1567 1048 1628 signa
1071 1564 1268 1622 intulit:

174 1635 366 1692 Quibus
391 1637 639 1701 percoctis
666 1641 812 1700 atque
837 1635 1001 1684 infuso
1027 1636 1221 1700 spiritu,

173 1706 390 1754 Modesto
415 1720 590 1769 gressu
615 1712 783 1755 sancta
806 1707 1013 1754 incessit
1034 1704 1256 1762 Veritas:

174 1777 235 1825 At
259 1783 433 1825 trunca
459 1777 651 1840 species
675 1776 838 1825 haesit
861 1777 915 1824 in
939 1776 1166 1838 vestigio.

174 1846 313 1894 Tunc
337 1845 458 1895 falsa
482 1848 645 1910 imago
671 1852 817 1911 atque
844 1847 1011 1910 operis
1035 1846 1209 1894 furtivi
1234 1844 1375 1894 labor

173 1915 483 1965 Mendacium
511 1914 809 1980 adpellatum
834 1921 934 1973 est;
961 1915 1091 1981 quod
1116 1915 1416 1979 negantibus

174 1985 331 2035 Pedes
355 1985 540 2035 habere
566 1986 726 2035 facilis
753 1992 828 2035 est
852 1987 1130 2035 consensio.

246 2055 480 2105 Simulata
504 2057 758 2105 interdum
782 2057 902 2105 vitia
927 2061 1136 2120 prosunt
1165 2054 1466 2112 hominibuS,

175 2124 271 2174 Sed
295 2131 517 2190 tempore
542 2128 651 2191 ipso
675 2132 841 2176 tamen
867 2131 1073 2190 apparet
1096 2127 1300 2175 veritas,

769 2253 1091 2301 FABVLA
1125 2252 1190 2302 V.

818 2334 1120 2375 AVCTOR.

463 2400 655 2444 Sensum
686 2401 1026 2444 aestimandum
1055 2414 1177 2456 esse,
1208 2413 1302 2444 non
1331 2400 1490 2445 verba.

243 2488 383 2537 Ixion
407 2488 538 2554 quod
562 2491 752 2538 versari
777 2496 1006 2538 narratur
1030 2495 1152 2546 rota,

174 2557 450 2607 Volubilem
477 2559 745 2607 Fortunam
770 2561 944 2609 iactari
971 2559 1130 2608 docet.

176 2626 421 2677 Adversus
447 2628 570 2678 altos
596 2628 835 2693 Sisyphus
858 2635 1054 2679 montes
1080 2643 1230 2692 agens

177 2696 358 2746 Saxum
382 2697 551 2747 labore
577 2713 791 2755 summ0‚
819 2699 950 2763 quod
976 2700 1035 2748 de
1061 2701 1263 2754 vertice,

177 2766 366 2815 Sudore
392 2783 589 2832 semper
613 2770 759 2817 irrito
786 2768 1070 2825 revolvitur,

177 2836 405 2885 Ostendit
429 2837 684 2887 hominum
709 2839 814 2888 sine
841 2838 937 2887 fine
964 2853 1071 2888 esse
1100 2839 1338 2887 miserias.

1725 1148 1779 1191 10

1724 1500 1778 1541 15

1722 1850 1777 1893 20
