1940 3072
625 123 926 219 [fem-329
975 160 1039 202 vl
1078 132 1215 202 1-24
1645 155 1725 208 221

266 286 398 356 Exp.
432 286 807 341 controuersia
829 285 1042 339 statuae
1064 285 1175 339 uiri
1196 284 1356 339 fortis
1381 298 1536 352 quam
1560 283 1703 338 (lixit

391 360 451 414 in
473 358 802 427 Gargilianis
823 359 1047 412 thermis
1069 359 1308 413 Blossius
1330 357 1556 412 Emilius

421 434 743 488 Dracontius
765 433 856 487 vir
878 432 1205 486 clarissimus
1228 434 1284 486 et
1304 433 1527 500 togatus

459 506 566 560 fori
587 507 920 575 proconsulis
944 506 1111 560 almae
1135 506 1489 574 Karthaginis

520 580 661 649 apud
683 579 1047 649 proconsulem
1069 579 1424 648 Pacidegium.

631 778 721 833 VI.
782 779 1213 848 Epithalamium.
1748 793 1797 837 [p.
1820 791 1876 835 221

225 879 450 950 Egregii
474 880 695 932 iuuenes
721 884 768 933 et
789 880 962 949 gloria
987 898 1194 932 summa
1219 881 1516 947 parentum,

226 949 436 1003 Foedus
464 949 745 1018 amicitiae,
772 949 1013 1002 solamen
1037 949 1238 1019 grande
1264 949 1537 1016 clientum,

227 1019 420 1072 Dulcia
445 1020 671 1072 cantatis
697 1018 823 1072 dum
847 1020 989 1072 uotis
1015 1020 1253 1072 carmina
1276 1020 1486 1086 uestriS,

227 1089 510 1157 Facundos
535 1108 632 1142 uos
657 1090 786 1142 fecit
811 1109 975 1143 amor.
1026 1089 1213 1143 Uenus
1238 1090 1393 1157 alma,
1419 1090 1654 1156 potestas

169 1171 194 1211 5
219 1159 507 1229 Delphica,
535 1160 930 1228 flammipotens
955 1161 1173 1212 inclusit
1195 1160 1398 1228 templa
1423 1158 1646 1227 Cupido.

227 1230 492 1299 Tempora
516 1230 623 1282 iam
647 1231 799 1283 lauro
825 1231 914 1283 uel
938 1234 1114 1299 myrto
1142 1230 1342 1300 cingite
1368 1229 1575 1281 frontes

227 1300 302 1353 Et
325 1301 485 1352 uiolis
512 1306 699 1352 ornate
727 1319 920 1369 comaS,
949 1301 1076 1352 dent
1101 1301 1223 1353 alba
1248 1317 1473 1352 coronas

227 1370 369 1423 Lilia
391 1371 559 1422 mixta
583 1371 735 1439 rosiS,
764 1371 963 1423 candor
986 1371 1267 1439 pallorque
1292 1371 1561 1438 ruborque

0 1416 32 1496 {-
231 1439 481 1494 Crinibus
506 1440 705 1492 insidat
732 1441 824 1508 qui
848 1445 1040 1493 uernat
1064 1440 1122 1492 in
1149 1458 1238 1493 ore
1265 1439 1474 1508 puelliS,

0 1504 26 1575 ἶ
148 1522 204 1561 10
226 1510 475 1563 Floribus
500 1511 781 1563 ambrosiis
801 1510 1072 1579 sponsalia
1097 1514 1238 1563 serta
1260 1511 1514 1579 ligentur.

0 1538 17 1650 i
230 1579 403 1634 Saltet
426 1580 774 1648 Apollineum
799 1580 967 1633 Musis
995 1581 1333 1633 cantantibus
1359 1597 1570 1650 agmen,

0 1650 24 1759 ξ
140 1664 143 1665 ’
230 1651 438 1703 Laurea
462 1655 603 1703 serta
628 1651 792 1703 comis
818 1652 1062 1719 imponat
1085 1651 1312 1719 pulchra
1335 1650 1528 1719 Dione,

0 1764 22 1801 ᾖ,
229 1721 477 1774 Pallados
503 1721 800 1773 armisonae
827 1722 1028 1773 crinem
1052 1722 1366 1790 praecingat
1392 1721 1551 1787 oliua,

230 1793 399 1843 Arma
422 1791 561 1842 ferat
585 1790 774 1843 Martis
801 1792 994 1860 quibus
1020 1796 1073 1844 et
1097 1791 1379 1859 proludere
1404 1791 1576 1843 nostis

0 1847 13 1881 ἶ
156 1872 207 1912 15
233 1861 306 1913 Et
328 1861 531 1913 bellum
553 1861 597 1912 si
622 1864 832 1929 tempus
860 1865 981 1930 eget
1004 1861 1240 1929 perferre
1266 1861 1473 1913 ualetiS.

230 1931 464 1984 Interius
490 1949 588 1983 uos
614 1930 769 1982 Musa
795 1930 980 1984 Uenus
1007 1930 1360 1999 Phoebusque
1388 1930 1595 1998 Cupido

230 2001 305 2054 Et
329 2000 577 2053 Bromius
602 2001 839 2069 possedit
862 2001 1092 2069 Hymen,
1120 2002 1262 2052 Mars
1289 2001 1449 2053 saltat
1473 2017 1679 2052 amores

230 2071 304 2124 Et
328 2070 595 2123 Uenerem
619 2072 830 2139 placare
857 2072 1018 2139 cupit,
1049 2072 1131 2123 cui
1157 2071 1355 2123 militat
1380 2070 1555 2123 omnis

0 2125 16 2200 f,
232 2140 500 2193 Marcidus
527 2145 580 2193 et
604 2141 761 2193 nudis
787 2141 925 2194 ludit
947 2145 1070 2210 post
1095 2160 1242 2194 arma
1266 2141 1493 2209 lacertiS,

0 2195 32 2283 {ss
150 2222 205 2262 20
228 2214 310 2264 Ac
334 2211 654 2263 furibundus
670 2214 840 2264 Amor
858 2211 1085 2264 Ueneris
1112 2230 1207 2279 per
1228 2215 1398 2264 castra
1415 2211 1730 2279 triumphat,

0 2263 19 2343 ξ
231 2281 298 2334 In
322 2281 572 2350 praedam
598 2299 791 2334 uenere
818 2281 902 2333 dei
928 2284 1175 2334 uincente
1202 2282 1393 2334 Dione.

232 2351 379 2420 Ergo
408 2350 593 2404 Uenus
618 2354 671 2404 te
697 2352 853 2404 docta
879 2370 1012 2404 uoco
1039 2352 1270 2404 facunda
1295 2352 1481 2420 perita,

232 2420 336 2473 Per
360 2439 546 2473 sensus
571 2425 624 2473 te
650 2421 814 2473 funde
842 2439 1001 2474 meos.
1051 2426 1146 2474 tua
1170 2422 1366 2491 gaudia
1391 2422 1619 2488 seruent,

234 2490 437 2560 Sponte
461 2491 645 2543 uenire
673 2491 836 2560 decet,
863 2510 976 2544 non
1001 2495 1053 2544 te
1080 2493 1231 2544 decet
1255 2493 1331 2543 ire
1358 2495 1619 2560 rogatam.

240 2621 283 2660 in
320 2620 631 2671 subscriptione
666 2620 960 2671 Gurgulianis
1000 2622 1055 2672 “f-
1087 2622 1262 2661 indicem
1304 2619 1310 2671 Ι
1351 2632 1504 2659 armae
1538 2618 1735 2659 Kartha-

36 2686 43 2689 “
130 2676 252 2728 ginis
278 2675 284 2726 Ι
307 2676 414 2727 fort.
436 2675 701 2716 scribendum
731 2676 1000 2716 Pacideium
1091 2679 1109 2715 1
1144 2683 1241 2716 ante
1272 2688 1434 2715 uersum
1465 2677 1735 2726 corruptelae

125 2738 230 2772 nota
259 2734 532 2783 conspicitur.
572 2735 752 2784 spatium
782 2734 967 2772 relictum
999 2737 1062 2772 est
1176 2734 1202 2773 5
1232 2732 1404 2771 inausit
1434 2743 1546 2772 corr.
1576 2730 1737 2771 Buech.

130 2800 186 2827 an
222 2787 427 2827 inuasit?
561 2790 612 2829 13
651 2789 882 2828 amisonae
930 2791 1100 2829 crimen
1146 2789 1416 2839 corruptelae
1455 2794 1560 2828 nota
1597 2787 1740 2827 uer-sui

126 2845 331 2896 praefixa
360 2849 425 2884 est
566 2845 620 2884 22
652 2844 765 2884 duco
806 2844 849 2897 (o
879 2847 921 2885 in
952 2843 1123 2896 rasura)
1156 2858 1269 2887 corr,
1303 2843 1463 2887 Bzcecle.
1579 2844 1634 2883 24
1665 2855 1737 2883 ro-

133 2904 290 2952 gatum
320 2912 433 2940 corr.
466 2899 625 2941 Bueelz.
