1940 3072
691 159 1087 204 sAr1ser'r10
1127 142 1137 183 Γ
1308 157 1322 168 “
1628 161 1703 218 ,81

0 339 13 347 ,,
206 285 474 339 Irascente
499 285 598 339 deo
623 287 828 338 mentes
854 287 1132 339 mutantur
1157 288 1211 338 et
1235 289 1382 339 artus
1393 329 1408 355 ‚

121 365 182 406 30
275 353 578 408 Uertuntur
601 372 787 408 sensus
811 355 1042 408 uertitur
1067 359 1122 408 et
1144 357 1374 425 species:

46 428 49 431 ’
205 425 485 480 Persarum
512 442 695 495 regem
720 424 1031 494 Babylonae
1059 443 1228 496 regna
1254 429 1528 480 tenentem

276 495 410 548 Post
433 494 591 548 decus
616 495 830 564 imperii
854 496 1162 566 quishneget
1187 514 1300 549 esse
1325 497 1558 550 bouem‘?

205 565 280 620 Et
303 565 652 618 diademalem
676 568 962 634 turparunt
986 583 1187 619 cornua
1209 567 1468 636 frontem,

0 671 14 702 ς,
277 634 519 706 Mugitus
542 635 760 705 pecudis
785 636 950 688 uerba
973 637 1122 689 fuere
1147 635 1297 689 duci:

0 707 4 715 '
122 707 180 757 35
204 705 516 775 Agricolam
540 706 722 758 timuit
745 709 869 774 post
893 705 1146 759 Parthica
1169 725 1336 777 regna
1360 708 1652 760 bubulcum

2 780 6 783 ”
59 793 62 798 ’
277 775 662 845 Summisitque
687 794 890 845 pauens
915 777 1065 846 regia
1090 776 1229 829 colla
1252 778 1397 846 iugO,

204 846 424 899 Errauit
447 864 544 915 per
567 849 722 915 prata
745 863 916 915 uagus
943 847 1083 899 mala
1106 848 1352 916 gramina
1374 850 1576 917 pastuS‚

275 916 350 969 Et
375 917 467 986 qui
486 917 650 969 homo
667 917 765 969 bos
783 917 962 969 fuerat
979 916 1043 968 de
1067 917 1207 970 boue
1227 917 1401 970 factus
1426 917 1588 971 homo
1611 920 1706 973 est.

205 987 391 1056 Liquit
415 990 470 1039 et
493 987 716 1039 antistes
742 988 922 1040 senior
944 990 1098 1055 pater
1121 987 1211 1039 ille
1235 987 1495 1040 Iohannis

121 1067 182 1108 40
275 1057 632 1127 Elinguisque
655 1057 762 1109 fuit
785 1075 918 1110 uoce
944 1059 1153 1110 tacente
1180 1057 1358 1110 silens,

207 1129 311 1180 Ast
335 1145 435 1197 ego
461 1127 728 1196 peccando
755 1128 871 1197 regi
896 1126 1221 1196 dominoque
1247 1128 1451 1196 deoque

277 1198 438 1250 Peior
462 1217 580 1250 sum
604 1198 776 1250 factus
801 1198 1137 1266 deteriorque
1165 1216 1310 1250 cane.

208 1267 451 1320 Uulnera
475 1269 656 1320 uexati
680 1271 831 1320 curat
854 1286 951 1320 sua
975 1268 1163 1337 lingua
1184 1268 1420 1337 molossi,

275 1338 398 1391 Heu
423 1356 542 1390 mea
567 1339 764 1407 quippe
790 1338 925 1390 mihi
950 1338 1174 1390 uulnera
1198 1339 1385 1408 lingua
1409 1338 1569 1391 dedit.

122 1418 180 1458 45
207 1407 311 1462 Sea
336 1408 430 1477 qui
453 1409 688 1461 restituit
710 1408 928 1477 pecudis
952 1411 1077 1477 post
1100 1409 1338 1461 membra
1362 1409 1581 1477 tyranni

279 1478 356 1532 Ut
380 1480 532 1531 fleret
554 1478 765 1531 rediens
790 1478 994 1548 ungula
1017 1479 1142 1531 fissa
1165 1497 1370 1547 manuS,

208 1548 416 1618 Quique
441 1549 758 1602 reformauit
781 1551 984 1601 tacitaev
1001 1548 1365 1601 modulamina
1388 1549 1604 1619 linguae

278 1618 362 1672 Ne
388 1620 671 1672 mutilante
698 1638 831 1672 sono
858 1619 1023 1671 uerba
1046 1619 1215 1688 ligata
1240 1621 1403 1688 daret,

207 1689 329 1758 Ipse
354 1708 473 1742 meo
501 1690 718 1742 domino
746 1690 873 1742 deus
898 1690 1128 1757 imperat
1152 1693 1311 1758 atque
1336 1689 1543 1742 iubebit

127 1771 184 1810 50
279 1759 358 1812 Ut
381 1778 466 1812 me
492 1760 740 1812 restituat
763 1760 1120 1829 respiciatque
1142 1760 1278 1828 piuS,

213 1829 403 1884 Seruet
427 1831 516 1882 aui
542 1834 602 1882 ut
627 1829 808 1882 laudes
834 1830 1007 1882 dicam
1030 1831 1334 1898 patriasque
1362 1847 1588 1898 suasque

283 1900 492 1968 Perque
519 1919 639 1953 suas
664 1900 841 1968 proles
867 1900 1015 1969 regia
1040 1903 1169 1952 uota
1194 1918 1396 1952 cana-m.

216 1970 388 2039 Culpa
412 1971 628 2039 quidem
653 1971 831 2039 grauis
858 1973 939 2022 est
963 1970 1124 2021 uenia
1148 1969 1239 2021 sed
1265 1969 1428 2039 digna
1452 1972 1632 2022 reatus

284 2040 439 2102 Quod
463 2042 578 2093 sine
603 2041 809 2109 peccati
835 2040 1056 2092 crimine
1081 2058 1241 2092 nemo
1267 2039 1398 2092 fuit:

136 2120 192 2160 55
216 2110 359 2164 Nam
387 2111 515 2163 deus
536 2112 876 2179 omnipotens
900 2110 1080 2178 potuit
1104 2128 1225 2162 oum
1254 2110 1508 2162 conderet
1534 2110 1718 2163 orbem

283 2181 548 2234 Tristibus
574 2182 764 2233 amotis
791 2181 985 2250 gaudia
1010 2179 1124 2232 sola
1149 2180 1288 2249 dare,

218 2250 321 2304 Sed
347 2251 556 2304 diuersa
581 2269 764 2303 creans
791 2256 844 2303 et
869 2250 1225 2303 discordantia
1249 2251 1426 2302 iunxit

289 2321 361 2374 Et
388 2324 528 2374 bona
552 2322 720 2374 mixta
744 2321 897 2373 malis
924 2324 978 2372 et
1001 2320 1142 2372 mala
1164 2321 1333 2372 mixta
1357 2321 1529 2374 bonis,

220 2390 307 2445 Sic
333 2392 597 2444 elementa
619 2395 812 2460 potens
838 2389 1106 2443 contraria
1129 2391 1345 2443 miscuit
1369 2394 1556 2443 auctor

249 2579 300 2617 31
341 2578 383 2617 in
421 2580 607 2630 maryz‘ne
644 2590 788 2617 manus
822 2577 1036 2616 recentior
1073 2578 1303 2628 adscripsit
1340 2574 1660 2629 Nabuchodn’3

110 2633 165 2672 38
198 2633 328 2673 homo
366 2648 442 2674 om.
476 2633 674 2673 Sirmond
787 2634 841 2673 39
873 2630 1043 2685 Liquit]
1084 2635 1195 2672 inter
1228 2635 1243 2671 i
1274 2639 1315 2672 et
1347 2645 1374 2683 q
1412 2634 1561 2671 literas
1597 2633 1719 2671 unius

109 2691 178 2728 uel
214 2691 387 2729 duarum
422 2691 638 2730 literarum
666 2691 848 2741 spatium
878 2694 943 2727 est
974 2685 980 2739 Ι
1014 2686 1185 2740 senior]
1221 2689 1236 2727 i
1268 2693 1308 2728 et
1339 2701 1360 2727 r
1389 2687 1546 2728 literas
1575 2699 1721 2727 manus

107 2748 323 2785 recentior
365 2748 408 2785 in
452 2758 670 2786 erasarum
714 2748 844 2785 locum
881 2746 1066 2795 scripsit.
1103 2745 1208 2795 fort.
1251 2745 1506 2784 Dracontius
1545 2744 1723 2795 scripsit

113 2802 265 2840 sancti
295 2802 350 2852 cf.
384 2803 425 2842 d.
447 2803 525 2842 deo
555 2801 600 2841 ΙΙ
630 2803 711 2842 676
742 2812 879 2840 uerus
910 2801 1158 2851 interpolati
1186 2806 1226 2839 et
1257 2802 1470 2840 Areualus
1564 2800 1619 2839 45
1650 2803 1720 2851 ty-

111 2911 299 2938 rannum
333 2899 531 2940 Sir-moad
658 2901 710 2940 53
746 2858 945 2940 ueniaki.
975 2912 1010 2939 e.
1041 2898 1224 2939 ueniam

195 2968 415 3000 Ducena
437 2968 624 3000 carmina.
1354 2969 1379 3007 6
