1940 3072
194 74 259 126 12
655 78 923 123 PHAEDRI
955 77 1327 124 FABVLARVM

261 201 500 268 Vulpinos
525 203 715 252 catulos
739 202 902 267 aquila
927 201 1174 267 quondam
1198 201 1397 253 sustulit

192 272 417 338 Nidoque
441 274 608 338 posuit
631 272 805 337 pulliS‚
834 279 999 321 escam
1023 277 1078 322 ut
1102 279 1383 338 carperent.

191 342 329 392 Hanc
354 349 616 407 persecuta
640 347 798 391 mater
824 356 968 391 orare
993 343 1185 407 incipit,
1762 344 1794 388 5

191 412 265 462 Ne
288 418 481 462 tantum
504 413 715 461 miserae
738 412 926 461 luctum
948 413 1226 477 inportaret
1251 411 1368 462 sibi.

192 483 499 546 Contempsit
522 482 630 538 illa,
658 488 763 531 tuta
787 482 968 546 quippe
993 483 1103 546 ipso
1126 481 1250 531 loco.

190 551 372 616 Vulpes
399 551 460 600 ab
487 566 571 601 ara
597 554 764 616 rapuit
788 552 1047 601 ardentem
1070 551 1230 600 facem

191 621 461 686 Totamque
485 620 695 671 flammis
721 620 953 671 arborem
978 621 1323 679 circumdedit,

190 690 358 741 Hostis
383 690 603 741 dolorem
628 692 804 742 damno
830 693 1045 741 miscens
1076 693 1346 755 sanguinis,
1736 694 1795 739 10

190 761 364 826 Aquila
388 767 444 810 ut
467 762 655 827 periclo
680 764 854 811 mortis
880 763 1101 826 eriperet
1124 777 1238 810 suos
1569 757 1574 763 ’

187 830 465 881 Incolumes
489 837 633 881 natos
658 832 865 897 supplex
889 832 1026 896 vulpi
1055 831 1272 882 tradidit.

724 958 764 1005 F
777 958 824 1005 A
834 958 878 1005 B
889 957 935 1004 V
947 957 988 1005 L
1002 958 1049 1006 A
1085 956 1264 1005 XXIX.

523 1038 781 1079 ASINVS
809 1038 1159 1079 INBIDENS
1188 1039 1458 1082 APRVM.

257 1110 553 1175 Plerumque
580 1110 719 1158 stulti
742 1111 902 1159 risum
927 1109 1044 1159 dum
1069 1115 1270 1174 captant
1292 1109 1465 1167 levem,

189 1179 338 1230 Gravi
364 1180 679 1243 destringunt
703 1178 823 1229 alios
849 1179 1148 1229 contumelia

187 1249 251 1299 Et
277 1248 374 1299 sihi
398 1251 630 1299 nocivum
655 1250 903 1299 concitant
927 1250 1224 1314 periculum.

259 1319 452 1369 Asellus
478 1334 598 1384 apro
625 1334 738 1369 cum
761 1320 943 1370 fuisset
967 1318 1167 1369 obvius:

190 1389 356 1446 Salve,
383 1390 570 1454 inquit,
596 1389 774 1439 frater.
824 1389 911 1439 Ille
936 1390 1201 1453 indignans
1225 1390 1455 1454 repudiat
1764 1395 1793 1438 5

189 1459 418 1509 Officium
445 1466 495 1508 et
519 1461 739 1523 quaerit,
767 1475 856 1510 cur
882 1461 953 1509 sic
978 1461 1183 1509 mentiri
1207 1460 1342 1509 velit.

187 1530 369 1578 Asinus
395 1529 609 1578 demisso
634 1545 786 1594 pene:
840 1529 1064 1579 Similem
1090 1531 1131 1579 si
1157 1544 1309 1593 negas

189 1598 306 1648 Tibi
331 1613 411 1647 me
438 1614 572 1655 esse,
600 1607 735 1649 certe
762 1600 925 1650 simile
950 1606 1027 1649 est
1050 1600 1144 1649 hoc
1169 1605 1331 1648 rostro
1356 1605 1460 1650 tuo.

187 1670 343 1733 Aper,
372 1684 485 1718 cum
510 1668 655 1718 vellet
678 1671 846 1719 facere
870 1684 1166 1734 generosum
1190 1671 1431 1734 inpetum,

187 1738 485 1803 Repressit
470 1753 598 1788 iram
629 1746 701 1789 et:
753 1739 934 1789 Facilis
958 1740 1175 1789 vindicta
1201 1746 1278 1789 est
1301 1739 1443 1796 mihi,
1737 1743 1796 1786 10

123 1806 126 1808 ’
189 1807 286 1857 Sed
310 1810 565 1874 inquinari
590 1810 702 1858 nolo
727 1811 902 1872 ignavo
928 1811 1186 1873 sanguine.

734 1937 774 1984 F
786 1937 834 1984 A
843 1937 885 1984 B
898 1936 944 1982 V
955 1936 996 1984 L
1008 1937 1056 1984 A
1092 1936 1245 1983 XXX.

241 2016 488 2059 RANAE
518 2017 951 2058 METVENTES
980 2017 1378 2058 TAVRORVM
1407 2016 1737 2059 PROELIA.

256 2087 480 2137 Humiles
503 2087 754 2145 laborant,
782 2087 869 2137 ubi
894 2093 1122 2153 potentes
1148 2087 1406 2137 dissident.

186 2158 324 2208 Rana
349 2158 402 2206 in
427 2157 605 2222 palude
631 2172 848 2223 pugnam
873 2165 1130 2208 taurorum
1153 2159 1383 2207 intuens:

186 2227 296 2277 Heu
321 2233 502 2292 quanta
527 2227 671 2277 nobis
695 2229 845 2277 instat
868 2228 1143 2292 pernicies!
1180 2230 1267 2277 ait.

185 2298 495 2360 Interrogata
522 2296 582 2345 ab
610 2298 728 2355 alia,
758 2312 848 2347 cur
872 2298 966 2347 hoc
992 2298 1197 2355 diceret,

186 2366 257 2416 De
282 2368 567 2432 principatu
592 2382 705 2416 cum
730 2367 805 2416 illi
833 2372 1085 2417 certarent
1109 2369 1276 2431 gregis
1763 2371 1793 2413 5

185 2434 452 2502 Longeque
478 2436 539 2485 ab
564 2438 687 2501 ipsis
715 2437 953 2501 degerent
977 2440 1129 2487 vitam
1154 2437 1329 2488 boves:

184 2505 274 2556 Est
298 2508 444 2555 statio
469 2512 694 2571 separata
720 2522 775 2556 ac
802 2507 1053 2557 diversum
1077 2522 1262 2572 genus;

188 2575 285 2625 Sed
311 2576 484 2640 pulsus
509 2590 663 2639 regno
687 2577 905 2626 nemoris
930 2580 1016 2642 qui
1040 2578 1336 2643 profugerit,

184 2644 385 2694 Paludis
409 2648 463 2695 in
489 2651 681 2695 secreta
705 2648 872 2696 veniet
895 2646 1100 2698 latibula

185 2714 249 2763 Et
274 2716 583 2779 proculcatas
608 2715 802 2766 obteret
826 2716 949 2765 duro
974 2718 1118 2781 pede.
1736 2721 1794 2764 10

185 2783 257 2833 Ita
284 2792 429 2851 caput
455 2786 516 2836 ad
540 2793 765 2836 nostrum
788 2787 929 2835 furor
954 2787 1155 2836 illorum
1181 2788 1415 2854 pertinet.
