1940 3072
162 71 233 123 24
625 73 893 118 PHAEDRI
926 72 1299 118 FABVLARVM

161 200 394 264 Idemque
420 199 667 262 insignem
693 197 899 262 pulchra
922 197 1049 246 facie
1074 198 1244 247 filium.

160 270 245 326 Hi,
276 268 529 333 speculum
554 270 607 316 in
633 267 867 316 cathedra
893 268 1067 316 matris
1090 274 1146 316 ut
1171 269 1387 331 positum
1409 268 1519 325 fuit,

159 338 426 388 Pueriliter
450 337 675 387 ludentes
699 337 827 385 forte
853 337 1193 400 inspexerunt.

158 408 253 457 Hic
279 423 331 457 se
356 409 629 457 formosum
654 408 825 456 iactat:
865 405 948 455 illa
973 407 1205 456 irascitur

158 478 262 527 Nec
286 478 544 541 gloriantis
569 478 779 526 sustinet
803 476 976 525 fratris
1000 478 1151 534 iocOS,

158 549 419 612 Accipiens
446 548 627 611 quippe
654 551 829 596 cuncta
854 547 907 595 in
933 546 1297 596 contumeliam.

156 617 287 680 Ergo
314 617 373 666 ad
398 623 593 682 patrem
618 616 839 665 decurrit
863 616 1059 665 laesura
1083 618 1295 665 invicem

156 687 428 751 Magnaque
455 685 643 735 invidia
668 687 958 735 criminatur
983 686 1153 743 filium,

155 757 243 805 Vir
267 764 413 806 natus
439 756 568 820 quod
594 771 703 805 rem
727 756 1024 805 seminarum
1050 757 1288 818 tetigerit.

155 826 421 891 Amplexus
444 826 524 875 ille
551 833 818 890 utrumque
845 833 894 875 et
919 840 1128 890 carpens
1155 826 1320 876 oscula

155 896 458 960 Dulcemque
484 897 538 943 in
565 895 735 944 ambos
760 898 1019 944 caritatem
1043 897 1290 960 partiens:

156 965 410 1022 Quotidie,
437 967 624 1029 inquit,
653 965 852 1030 speculo
877 981 964 1015 vos
987 967 1060 1014 uti
1084 965 1215 1014 volo:

155 1035 230 1083 Tu
254 1036 463 1084 formam
488 1050 550 1084 ne
577 1050 867 1099 corrumpas
891 1037 1142 1099 nequitiae
1167 1035 1338 1092 malis;

156 1105 233 1154 Tu
256 1105 435 1154 faciem
461 1110 516 1153 ut
542 1107 686 1153 istam
711 1104 933 1154 moribus
957 1106 1126 1153 vincas
1150 1103 1310 1154 bonis.

732 1231 1054 1279 FABVLA
1090 1232 1176 1279 IX.

555 1311 910 1353 SOGRA'I'ES
940 1313 1037 1352 AD
1067 1312 1349 1355 AMIGOS.

224 1384 432 1447 Vulgare
461 1384 607 1432 amici
632 1398 837 1440 nomen,
867 1384 953 1432 sed
978 1399 1092 1432 rara
1117 1389 1193 1432 est
1215 1383 1351 1431 fides,

153 1454 275 1504 Cum
300 1468 475 1518 parvas
501 1453 649 1502 aedes
674 1452 770 1501 sibi
795 1453 1053 1502 fundasset
1079 1452 1321 1510 Socrates,

155 1523 321 1586 (Cuius
345 1538 442 1572 non
467 1523 604 1585 fugio
629 1532 865 1584 mortem,
897 1525 939 1572 si
964 1524 1145 1572 famam
1170 1523 1431 1588 adsequar,

150 1593 214 1642 Et
239 1592 359 1642 cedo
385 1592 625 1649 invidiae,
655 1592 918 1642 dummodo
945 1592 1169 1642 absolvar
1196 1592 1352 1658 ciniS,)

152 1663 221 1711 Ex
249 1662 429 1727 populo
455 1664 526 1711 sic
550 1663 716 1711 nescio
742 1664 878 1728 quiS,
906 1669 963 1712 ut
985 1664 1103 1711 fieri
1130 1663 1279 1712 solet:

153 1731 369 1789 QuaeSO,
395 1738 495 1781 tam
521 1739 777 1795 angustam
802 1732 916 1782 talis
941 1735 1017 1781 vir
1042 1734 1186 1797 ponis
1213 1733 1440 1782 domum?

153 1801 370 1873 Vtinam,
397 1803 586 1866 inquit,
615 1805 747 1852 veris
772 1803 900 1851 hanc
928 1804 1102 1852 amicis
1128 1803 1368 1867 inpleam!

750 1930 1068 2005 FABVJcA
1104 1931 1165 1977 x.

808 2015 822 2027 ⁸
866 2011 1117 2052 POETA.

221 2079 561 2129 Periculosum
587 2086 663 2128 est
687 2082 891 2130 credere
919 2088 969 2130 et
993 2097 1091 2130 non
1117 2082 1340 2131 credere.

151 2149 419 2214 Vtriusque
446 2150 725 2214 exemplum
750 2150 972 2200 breviter
998 2166 1238 2215 exponam
1263 2154 1355 2201 rei.

220 2219 512 2284 Hippolytus
539 2218 689 2277 obiit,
717 2223 834 2285 quia
859 2236 1099 2270 novercae
1127 2222 1371 2271 creditum
1398 2230 1498 2281 est:

151 2289 452 2339 Cassandrae
479 2291 594 2354 quia
618 2304 717 2338 non
742 2291 1009 2347 creditum,
1035 2293 1137 2341 ruit
1161 2291 1320 2340 Ilium.

149 2358 281 2422 Ergo
305 2358 604 2423 exploranda
630 2365 704 2408 est
727 2362 910 2409 verit-as
934 2360 1166 2417 multum,
1193 2363 1334 2425 prius

151 2427 307 2484 Quam
333 2429 479 2478 stulta
504 2444 655 2495 prave
680 2430 867 2479 iudicet
901 2433 1159 2480 sententia.

152 2497 248 2546 Sed
273 2497 545 2547 fabulosam
570 2514 633 2548 ne
659 2506 953 2549 vetustatem
984 2500 1159 2557 eleveS‚

151 2566 374 2616 Narrabo
401 2567 491 2617 tibi
516 2571 755 2618 memoria
781 2569 911 2634 quod
937 2570 1121 2619 factum
1147 2577 1221 2619 est
1245 2587 1369 2622 mea.

221 2636 427 2685 Maritus
452 2638 650 2702 quidam
677 2654 789 2687 cum
815 2639 1046 2701 diligeret
1071 2643 1331 2704 coniugem

151 2705 433 2770 Togamque
458 2722 634 2771 puram
658 2709 754 2757 iam
778 2715 977 2773 pararet
1002 2709 1116 2767 filio,

152 2773 395 2825 Seductus
416 2778 468 2825 in
495 2784 742 2828 secretum
767 2794 795 2828 a
818 2778 996 2828 liberto
1024 2787 1096 2829 est
1122 2796 1226 2837 suo,

1705 691 1764 734 10

1706 1041 1762 1084 15

1695 2718 1752 2759 10
