1940 3072
748 148 1069 196 APPENDIX.

669 345 711 395 F
722 345 819 395 AB
830 345 879 394 V
888 346 930 394 L
942 345 989 394 A
1024 344 1157 394 XXI.

502 442 813 484 VIA'I'OR
853 442 953 484 ΕΤ
999 441 1326 484 CORVVS.

334 529 501 575 Verbis
530 542 863 588 saepenumero
891 529 1102 574 homines
1131 529 1285 585 decipi
1313 528 1476 574 solere.

179 623 389 683 Quidam
414 641 506 691 per
530 641 673 690 agros
703 626 900 676 devium
926 640 1135 690 carpens
1159 626 1256 673 iter

110 697 227 747 AVE
254 697 506 746 exaudivit
531 703 580 746 et
604 702 824 746 moratus
847 696 1116 761 paululum,

109 766 293 816 Adesse
317 773 373 816 ut
395 766 520 816 vidit
542 768 819 824 neminem,
846 767 980 831 cepit
1003 764 1226 829 gradum.

109 837 296 886 lterum
320 837 499 887 salutat
523 837 654 886 idem
680 851 742 886 ex
765 836 959 885 occulto
984 850 1150 886 sonus·

113 904 237 956 Voce
263 906 496 972 hospitali
520 908 838 956 confirmatus
861 908 1062 963 restitit,

108 976 192 1034 Vt,
221 978 448 1042 quisquis
472 983 628 1034 esset,
655 991 745 1042 par
769 977 987 1026 officium
1011 976 1278 1040 reciperet.

109 1046 230 1096 Cum
255 1049 675 1112 circumspectans
702 1061 872 1096 errore
897 1046 1141 1096 haesisset
1165 1045 1252 1095 diu

107 1116 171 1166 Et
193 1117 496 1182 perdidisset
518 1123 713 1182 tempus
739 1117 927 1182 aliquot
952 1115 1158 1172 milium,

109 1186 336 1237 Ostendit
360 1202 471 1238 sese
496 1202 672 1236 corvus
697 1193 747 1236 et
771 1187 1090 1252 supervolans

109 1257 224 1306 AVE
249 1272 405 1322 usque
430 1259 656 1321 ingessit.
706 1256 834 1306 Tum
860 1272 912 1306 se
936 1257 1099 1306 lusum
1125 1255 1445 1320 intellegens:

108 1328 170 1375 At
192 1326 319 1376 male
344 1326 436 1376 tihi
461 1330 550 1384 sit,
579 1329 760 1392 inquit,
789 1328 891 1377 ales
916 1329 1148 1392 pessime,

107 1394 202 1454 Qui
226 1398 507 1447 festinantis
532 1399 605 1447 sic
631 1397 889 1446 detinuisti
914 1397 1084 1462 pedes,

650 1551 968 1601 FABVLA
1004 1552 1162 1601 XXII.

523 1640 800 1683 PAS'I'OR
825 1641 917 1682 ΕΤ
949 1639 1291 1683 CAPELLA.

384 1722 466 1766 Nil
495 1722 730 1766 occultum
757 1734 880 1777 esse,
911 1721 1038 1777 quod
1067 1735 1160 1765 non
1188 1721 1438 1767 reveletur.

175 1817 350 1866 Pastor
376 1817 593 1882 capellae
620 1832 776 1867 cornu
801 1817 978 1866 baculo
1003 1818 1246 1880 fregerat:

103 1886 297 1950 Rogare
324 1888 511 1952 coepit,
539 1902 601 1935 ne
628 1902 680 1936 se
708 1887 906 1936 domino
930 1887 1182 1951 proderet.

105 1955 337 2013 Quamvis
362 1957 565 2020 indigne
593 1957 746 2014 laesa,
774 1956 996 2006 reticebo
1020 1962 1212 2014 tamem

105 2026 202 2075 Sed
228 2042 309 2076 res
334 2026 564 2076 clamabit
588 2029 719 2092 ipsa,
749 2026 867 2092 quid
894 2026 1181 2092 deliqueris,

640 2197 680 2243 F
698 2196 737 2244 A
747 2196 788 2243 B
801 2196 847 2243 V
858 2196 898 2244 L
911 2196 958 2244 A
994 2195 1177 2244 XXIII.

503 2283 817 2325 SERPENS
846 2285 937 2326 ΕΤ
966 2284 1313 2328 ῙιΑΟΕΒἯΑ.

216 2364 309 2409 Ubi
336 2365 485 2411 leonis
514 2366 652 2421 pellis
682 2365 857 2419 deficit,
890 2366 1131 2422 vulpinam
1159 2366 1446 2410 induendam
1475 2378 1587 2420 esse,

328 2422 417 2466 hoc
447 2423 537 2477 est,
568 2421 650 2465 ubi
679 2422 901 2466 deficiunt
928 2422 1071 2477 vires,
1102 2423 1206 2466 astu
1236 2421 1475 2466 utendum.

175 2515 390 2581 Serpens
415 2517 649 2567 lacertam
673 2518 800 2566 forte
826 2518 1079 2567 adversam
1105 2517 1397 2582 prenderat;

104 2584 260 2642 Quam
286 2587 520 2637 devorare
546 2587 711 2652 patula
737 2603 848 2636 cum
874 2588 1018 2636 vellet
1044 2588 1171 2650 gula,

105 2655 330 2720 Arripuit
356 2657 440 2706 illa
464 2673 617 2722 prope
643 2660 886 2706 iacentem
912 2657 1178 2715 surculum,

103 2724 166 2773 Et
189 2728 432 2790 pertinaci
457 2742 626 2777 morsu
650 2733 984 2777 transversum
1009 2733 1198 2784 tenens,

105 2794 309 2844 Avidum
335 2796 525 2846 sollerti
552 2800 732 2847 rictum
757 2799 971 2846 frenavit
996 2813 1149 2847 mora.

106 2863 343 2915 Praedam
367 2866 555 2918 dimisit
581 2883 665 2917 ore
692 2883 897 2934 serpens
922 2869 1134 2917 irritam.

1643 145 1710 200 61

1656 1260 1712 1304 10
