1940 3072
168 131 244 186 50
637 134 908 181 PHAEDRI
940 133 1314 181 FABVLARVM

749 300 1066 350 FABVLA
1101 301 1189 350 IX.

592 388 876 431 'I'AVRVS
903 388 995 431 ΕΤ
1024 389 1351 434 VITVLVS.

239 475 458 540 Angusto
481 475 536 524 in
561 473 699 525 aditu
720 479 896 524 taurus
919 472 1112 524 luctans
1135 475 1370 525 cornibus

171 546 293 598 Cum
317 547 399 595 vix
422 547 609 594 intrare
634 550 804 609 posset
829 543 889 593 ad
913 546 1190 610 praesepia,

168 614 471 666 Monstrabat
495 614 677 664 vitulus
700 629 798 679 quo
823 628 877 663 se
902 619 1048 679 pacto
1072 614 1314 665 flecteret.

169 685 324 743 Tace,
351 686 538 751 inquit,
565 690 678 734 ante
703 684 796 733 hoc
821 686 961 742 novi,
988 699 1136 750 quam
1159 690 1215 734 tu
1239 691 1384 735 natus
1409 701 1484 737 es,

237 754 333 813 Qui
360 755 629 807 doctiorem
655 753 907 811 emendat,
936 753 1035 804 sibi
1061 754 1160 804 dici
1184 761 1343 820 putet.
1742 764 1775 807 5

534 943 538 950 s
763 895 1081 948 FABVLA
1116 896 1177 945 X.

475 990 685 1034 CANIS
713 991 806 1032 ΕΤ
835 991 960 1032 SVS
988 991 1078 1034 ΕΤ
1106 991 1465 1036 ἹΤΕΝΑΤΟΒ.

237 1077 484 1128 Adversus
509 1091 680 1125 omnes
702 1077 848 1125 fortis
871 1075 1063 1126 veloces
1086 1078 1219 1128 feras

168 1148 313 1198 Canis
337 1161 450 1197 cum
476 1146 675 1196 domino
700 1161 897 1211 semper
920 1147 1120 1196 fecisset
1145 1149 1279 1206 satiS,

166 1219 425 1281 Languere
450 1217 615 1281 coepit
637 1217 781 1266 annis
805 1216 1195 1280 ingravantibus.

167 1287 442 1352 Aliquando
468 1285 693 1336 obiectus
716 1286 902 1352 hispidi
927 1301 1122 1351 pugnae
1148 1289 1252 1337 suis

167 1358 398 1422 Adripuit
424 1371 620 1406 aurem:
660 1356 749 1405 sed
774 1357 981 1406 cariosis
1006 1356 1239 1407 dentibus
1739 1366 1771 1409 5

166 1427 405 1478 Praedam
430 1426 634 1475 dimisit.
683 1426 778 1475 Hic
800 1431 919 1475 tunc
943 1432 1146 1477 venator
1172 1427 1342 1477 dolens

167 1498 350 1548 Canem
374 1494 683 1559 obiurgabat.
734 1495 825 1546 Cui
848 1509 1000 1547 senex
1025 1502 1197 1546 contra
1221 1497 1411 1548 Lacon:

167 1567 276 1617 Non
300 1573 351 1616 te
376 1566 599 1616 destituit
625 1567 844 1623 animUS,
869 1566 957 1615 sed
981 1567 1112 1617 vires
1136 1582 1292 1616 meae.

166 1635 306 1695 Quod
330 1637 538 1693 fuimuS,
565 1635 732 1694 lauda,
759 1637 802 1685 si
828 1637 926 1685 iam
953 1636 1180 1693 damnas,
1209 1638 1340 1702 quod
1366 1653 1553 1689 sumus,

236 1706 340 1757 Hoc
365 1721 478 1765 cur,
504 1705 722 1764 Phil-ete,
749 1707 1061 1771 scripserim,
1088 1707 1294 1773 pulchre
1319 1708 1473 1758 vides·
1714 1716 1770 1759 10

555 2042 610 2101 A
662 2042 710 2101 P
764 2042 813 2101 P
865 2042 916 2101 E
968 2042 1028 2103 N
1077 2043 1132 2101 D
1186 2042 1216 2102 I
1267 2043 1364 2106 X.

699 2163 1231 2210 FABVLAENOVAE.

768 2295 1089 2344 FABVLA
1123 2296 1166 2345 Ι.

615 2382 857 2424 SIMIVS
891 2383 982 2424 ΕΤ
1019 2384 1314 2428 VVLPES.

264 2473 470 2518 Avarum
501 2470 644 2516 etiam
675 2469 803 2527 quod
830 2469 919 2515 sibi
947 2473 1160 2528 superest
1188 2486 1281 2517 non
1310 2472 1511 2519 libenter
1541 2474 1668 2520 dare.

234 2568 438 2632 Vulpem
464 2566 669 2631 rogabat
692 2571 886 2632 partem
910 2566 1092 2616 caudae
1118 2569 1309 2625 simiuS,

163 2638 435 2700 Contegere
460 2636 667 2686 honeste
691 2642 858 2702 posset
883 2642 937 2685 ut
960 2636 1116 2686 nudas
1141 2643 1305 2695 nates;

164 2707 252 2756 Cui
280 2708 352 2755 sic
375 2706 613 2771 maligna:
663 2706 879 2769 Longior
903 2707 986 2755 fiat
1010 2707 1141 2764 licet,

163 2775 348 2825 Tamen
374 2776 507 2826 illam
533 2778 679 2826 citius
702 2791 793 2841 per
818 2776 976 2825 lutum
1001 2781 1051 2825 et
1075 2777 1241 2841 spinas
1266 2777 1473 2835 traham,

164 2845 279 2895 Tibi
305 2860 451 2912 quam
475 2853 670 2912 partem
696 2846 917 2912 quamvis
940 2861 1141 2911 parvam
1165 2847 1423 2912 inpertiar.
