1940 3072
275 119 344 173 72
662 108 668 110 ’
830 86 833 89 ᾗ
968 74 1184 162 MEVDEA

380 244 619 298 Uentum
647 246 761 296 erat
783 243 851 296 ad
875 243 1112 312 Thebas,
1138 243 1294 312 pellis
1320 243 1476 296 datur
1499 262 1661 297 aurea
1683 245 1813 315 regi.
1837 201 1881 277 s
1918 244 1940 314 J:

379 314 609 367 Miratur
632 332 727 366 rex
751 314 866 382 ipse
892 313 1091 382 Creon,
1117 313 1365 366 laudatur
1387 312 1553 367 I'ason
1767 347 1770 350 -
1899 332 1907 359 ;
1938 333 1940 337 ’

383 383 535 446 Quod
559 384 698 437 freta
723 384 863 452 quod
885 387 1057 437 terras
1082 384 1158 436 sic
1181 383 1312 436 felix
1335 384 1533 453 praedo
1559 386 1798 454 uagetur.

378 453 541 524 Regis
565 457 694 508 nata
719 454 908 506 decens
926 453 1103 521 fuerat
1125 454 1484 523 pulcherrima
1509 453 1709 507 Glauce

272 535 356 574 370
375 524 490 577 Iam
517 524 604 576 cui
628 524 913 593 uirginitas
939 525 1095 576 annis
1119 527 1332 577 matura
1354 525 1620 577 tumebat:

377 593 524 646 Haec
549 594 642 646 ubi
669 594 946 662 conspexit
969 594 1245 662 iuuenem,
1272 594 1543 646 flammata
1565 594 1740 646 nitore

379 666 609 716 Aestuat
633 668 687 715 et
711 663 935 716 laudans
961 664 1123 716 alieni
1147 665 1386 717 membra
1408 664 1588 716 mariti

381 733 547 802 Optat
569 734 766 786 habere
792 735 983 787 uirum.
1035 735 1216 786 sonuit
1240 734 1500 803 genitoris
1525 734 1592 785 ad
1617 750 1787 785 aures.

380 804 532 856 Tunc
556 807 730 856 rector
755 803 1039 856 Thebanus
1065 804 1166 856 ait:
1207 805 1279 856 ‘si
1303 804 1548 872 Iuppiter
1572 805 1781 872 auctor,
1823 819 1826 822 ·

273 884 355 924 375
376 873 434 927 Si
459 873 734 941 LachesiS‚
762 874 807 926 si
832 876 945 926 fata
968 875 1179 941 iubent,
1205 874 1285 926 nil
1310 875 1423 942 ipse
1449 873 1714 927 morabor.

378 943 671 1013 Progenies
696 962 815 996 mea
839 949 995 1012 turpe
1024 944 1195 1012 cupit:
1233 944 1454 997 fortuna
1477 944 1720 1003 fauorem

377 1013 621 1066 Praestet
645 1017 698 1066 et
721 1014 992 1066 innumeri
1016 1013 1236 1066 laudent
1258 1033 1355 1082 per
1379 1014 1552 1066 saecla
1575 1014 1814 1081 nepotes,

379 1082 641 1152 Uirgineo
669 1083 881 1135 dabitur
903 1083 1060 1152 pellis
1085 1101 1207 1136 cum
1232 1084 1355 1136 dote
1380 1084 1588 1152 pudori.
1603 1089 1618 1111 ⁹

379 1153 618 1206 Finierat
642 1154 834 1206 senior.
885 1157 1075 1206 uotum
1100 1155 1358 1223 cognouit
1380 1154 1542 1206 Iason

273 1234 356 1274 380
375 1223 448 1275 Et
473 1226 649 1292 grates
677 1224 846 1276 elatus
876 1224 1003 1293 agit.
1054 1227 1337 1292 praecepta
1361 1227 1622 1293 tyrannus

377 1293 647 1346 Diffundit
671 1312 768 1362 per
791 1311 959 1363 regna
982 1312 1183 1346 nocens
1193 1336 1207 1362 ‚
1234 1295 1433 1346 inuitat
1456 1294 1673 1362 iniquus

379 1362 456 1416 Ut
480 1364 704 1416 ueniant
728 1363 795 1415 ad
819 1368 948 1416 uota
973 1364 1148 1416 duces,
1200 1364 1326 1416 dum
1350 1364 1488 1416 festa
1510 1365 1794 1431 parantur,

382 1432 654 1502 Cognouit
679 1433 868 1485 Medea
891 1436 1043 1486 nefas
1068 1451 1169 1487 nec
1194 1434 1397 1486 tardius
1423 1433 1558 1485 illud
1803 1447 1805 1455 ⁴

380 1502 640 1571 Credidit,
668 1504 941 1572 ingratum
966 1523 1092 1556 nam
1118 1507 1356 1556 senserat
1379 1504 1496 1572 ipsa
1519 1503 1785 1555 maritum.

271 1582 356 1623 385
380 1574 523 1625 Ante
551 1573 690 1624 diem
715 1576 897 1626 tamen
921 1574 1016 1625 illa
1041 1574 1227 1626 dolens
1253 1592 1375 1626 cum
1400 1576 1641 1626 cerneret
1665 1572 1842 1625 aulam

377 1643 451 1695 Et
473 1643 615 1712 regis
640 1642 848 1695 feruere
875 1643 1091 1695 domum
1104 1686 1118 1712 ,
1146 1662 1265 1696 cum
1289 1661 1486 1712 magna
1510 1646 1768 1712 parantur

377 1713 635 1781 Prandia‚
662 1714 877 1765 uenturi
902 1714 1190 1766 mittebant
1214 1715 1452 1782 praemia
1478 1731 1656 1783 regeS‚

381 1781 669 1853 Signorum
697 1801 879 1836 cursus
907 1786 960 1835 et
983 1784 1174 1852 plenae
1201 1802 1401 1836 cornua
1423 1784 1583 1836 lunae

379 1852 642 1921 Captabat
665 1852 854 1905 Medea
878 1854 1078 1906 furens,
1130 1854 1237 1906 iam
1264 1855 1525 1906 clauserat
1551 1854 1734 1906 orbem

272 1933 356 1972 390
380 1922 613 1991 Cynthia
639 1922 855 1975 sidereis
881 1923 1262 1976 transcendens
1289 1924 1511 1976 saltibus
1538 1926 1696 1976 astra.

377 1993 505 2045 Mox
532 1992 745 2046 Colchis
773 2012 827 2046 se
854 1994 1060 2064 spargit
1084 1995 1251 2062 aquis,
1280 1997 1333 2046 et
1358 1995 1615 2062 sulphura
1638 1993 1788 2045 lauro

115 2080 168 2119 [1).
191 2078 248 2117 90]
381 2062 515 2115 Cum
540 2063 708 2115 taedis
733 2063 965 2132 fumant,
990 2065 1259 2132 purgabat
1282 2065 1520 2116 membra
1546 2062 1789 2116 sacerdos
1798 2104 1813 2131 ‚

376 2133 449 2185 Et
474 2151 719 2201 campum
745 2136 948 2186 secreta
971 2137 1160 2202 petens
1186 2134 1278 2186 ubi
1304 2133 1450 2186 mille
1478 2133 1719 2202 sepulcra

377 2203 646 2255 Adstabat
671 2203 874 2256 deiecta
899 2204 1081 2256 oculos
1107 2205 1352 2256 confessa
1376 2207 1607 2271 reatum,

271 2281 353 2322 395
377 2272 450 2324 Et
474 2272 684 2325 Lunam
709 2274 955 2326 manibus
981 2275 1147 2326 tensis
1174 2292 1294 2326 cum
1320 2292 1452 2326 uoce
1477 2276 1750 2341 precatur:

379 2344 693 2394 ‘Astrorum
718 2344 965 2412 princeps
975 2386 988 2412 ,
1017 2345 1294 2414 signorum
1320 2345 1494 2413 gratia
1518 2343 1733 2412 fulgens

379 2412 452 2465 Et
477 2412 609 2464 caeli
634 2413 896 2465 stellantis
922 2414 1121 2483 honOS‚
1149 2414 1396 2483 caliginis
1423 2414 1592 2466 hostis

384 2583 466 2623 372
496 2582 685 2623 Aestum
709 2586 755 2623 et
776 2585 1045 2635 corruptelae
1068 2590 1167 2625 nola
1188 2586 1334 2625 uersuz'
1360 2585 1611 2635 praeposita
1633 2588 1697 2623 est
1789 2584 1873 2624 380

311 2644 355 2668 ec

274 2678 423 2743 elatus
465 2681 564 2733 aigt
596 2681 693 2732 agit
725 2694 750 2733 γ
868 2682 949 2722 382
981 2685 1114 2722 sexta
1143 2696 1170 2734 y
1286 2682 1369 2722 384
1407 2694 1492 2720 nec
1523 2694 1637 2722 corr.
1668 2680 1829 2722 Rueck.
1862 2676 1869 2733 ἶ

351 2742 372 2765 Θ

270 2777 375 2839 ipsa
478 2779 560 2818 387
591 2777 773 2818 Premia
803 2780 989 2819 uenturi
1020 2792 1134 2819 corr.
1163 2778 1324 2819 Bueeh.
1434 2780 1515 2820 392
1546 2779 1726 2818 fumans
1756 2791 1870 2819 corr.

268 2845 427 2886 Buech.
545 2849 626 2888 393
658 2847 903 2906 sepulchra
1018 2849 1101 2889 394
1131 2847 1294 2888 Stabat
1325 2861 1436 2892 corr.
1467 2848 1627 2889 Bueeh.
