1940 3072
749 178 1070 226 APPENDIX.
1197 159 1201 161 ’
1648 174 1718 228 59

110 303 292 353 Omnes
315 303 485 352 furore
509 302 655 369 plena
680 309 823 353 vocat
847 310 898 353 et
922 303 1131 354 verbera

108 373 348 438 Proponit
371 374 568 437 gravia,
594 388 767 423 verum
792 375 836 423 si
861 389 961 424 non
986 374 1221 425 dixerint.

107 442 231 492 Aliis
254 445 470 500 minare,
498 458 577 492 me
603 449 740 493 certe
764 443 896 494 haud
921 444 1086 502 salleS‚
1114 447 1198 502 ait,
1666 449 1717 491 15

109 513 302 577 Flagris
327 528 438 563 sum
463 528 660 571 caesus,
687 529 861 564 verum
885 516 1002 580 quia
1028 515 1131 564 dixi
1155 514 1317 564 modo.

664 641 988 690 FABVLA
1023 642 1159 690 XVI.

242 721 519 764 GALLVS
549 721 854 764 LEC'I'IGA.
880 724 932 764 A
959 722 1263 764 FELIBVS
1291 723 1584 765 VEGTVS.

150 788 357 832 Nimiam
385 788 686 835 securitatem
714 802 854 846 saepe
882 789 933 832 in
960 789 1223 845 periculum
1252 788 1462 835 homines
1494 791 1678 835 ducere.

178 862 321 912 Feles
346 862 564 913 habebat
584 863 744 927 gallus
766 862 1064 913 lecticarios,

107 932 251 982 Hunc
275 933 547 997 gloriosum
570 933 744 998 vulpes
768 938 824 982 ut
846 933 971 982 vidit
992 933 1123 991 vehi,

109 1002 190 1052 Sic
216 1009 291 1053 est
315 1003 502 1053 locuta:
552 1003 727 1053 Moneo
750 1017 1048 1069 praecaveas
1072 1004 1267 1063 dolum;

107 1072 319 1123 Istorum
343 1073 506 1123 vultus
531 1089 745 1139 namque
771 1076 814 1124 si
839 1074 1143 1132 consideraS,

109 1143 348 1193 Praedam
372 1150 572 1209 portare
597 1144 816 1202 iudiceS,
843 1159 945 1194 non
971 1147 1234 1195 sarcinam.
1690 1151 1717 1192 5

789 1239 820 1271 ’k
895 1239 925 1269 ³5<
1001 1239 1030 1270 ³1:

177 1312 442 1377 Postquam
467 1314 659 1362 esurire
685 1315 848 1378 coepit
873 1327 1018 1362 saeva
1043 1314 1270 1370 societaS,

108 1382 384 1448 Discerpsit
410 1382 665 1432 dominum
690 1389 739 1432 et
764 1383 884 1432 fecit
908 1389 1077 1448 partes
1101 1384 1357 1432 facinoris·

649 1510 970 1559 FABVLA
1007 1510 1168 1559 XVII.

332 1591 604 1633 SOROFA
632 1591 1091 1633 PAR'I'VRIENS
1121 1592 1212 1641 ET
1243 1590 1490 1633 LVPVS.

236 1658 519 1703 Faciendum
547 1658 676 1715 prius
704 1658 905 1702 hominis
934 1658 1209 1714 periculum,
1241 1671 1384 1712 quam
1414 1658 1511 1702 eius
1542 1658 1588 1702 te

699 1715 965 1758 committas
995 1715 1118 1759 fidei.

180 1788 442 1837 Premente
468 1793 614 1853 partu
639 1789 800 1838 scrofa
825 1804 938 1838 cum
962 1794 1186 1852 gemeret
1210 1789 1393 1844 iacens,

109 1860 339 1908 Accurrit
364 1858 510 1923 lupus
536 1864 586 1907 et
610 1857 895 1908 obstetricis
916 1858 1144 1923 partibus

110 1928 174 1978 Se
200 1943 345 1993 posse
371 1929 512 1991 fungi
540 1928 688 1985 dixit,
716 1930 1011 1993 promittens
1037 1942 1197 1993 opem.

108 1997 245 2055 Quae
273 2013 389 2047 vero
414 2004 585 2047 nosset
608 2000 827 2063 pectoris
853 1998 1079 2048 fraudem
1103 1997 1318 2062 inprobi,

111 2069 409 2133 Suspectum
435 2069 651 2118 officium
675 2068 956 2134 repudiavit
980 2066 1186 2117 malefici
1689 2073 1720 2115 5

110 2138 196 2187 Et:
250 2138 380 2187 Satis
405 2144 503 2195 est,
530 2140 715 2204 inquit,
743 2140 786 2188 si
812 2138 1018 2188 recedes
1042 2138 1253 2200 longius.

110 2207 251 2265 Quod
278 2210 318 2256 si
342 2208 580 2273 perfidiae
607 2225 660 2258 se
687 2210 1017 2258 commisisset
1042 2208 1164 2272 lupi,

112 2276 288 2328 Partus
315 2278 483 2327 dolore
509 2279 609 2327 fata
636 2277 916 2343 conplesset
942 2294 1044 2330 sua.

639 2391 963 2440 FABVLA
999 2391 1186 2439 XVIII.

333 2473 651 2515 AESOPVS
679 2473 771 2514 ΕΤ
803 2472 1076 2514 SERVVS
1104 2470 1443 2514 PROFVGN
1446 2471 1497 2514 S.

463 2539 570 2584 Non
599 2553 697 2585 esse
725 2539 852 2584 malo
886 2539 1156 2584 addendum
1183 2539 1373 2582 malum.

184 2611 367 2662 Servus
390 2614 681 2678 profugiens
707 2613 960 2662 dominum
985 2619 1192 2662 naturae
1219 2626 1441 2677 asperae,

114 2683 307 2747 Aesopo
332 2685 551 2733 occurrit
576 2690 722 2733 notus
747 2699 774 2732 e
799 2685 997 2732 vicinia.

111 2751 244 2810 Quid
269 2760 324 2802 tu
350 2754 614 2803 confusus?
662 2753 835 2803 Dicam
860 2753 957 2803 tibi
983 2753 1140 2809 clare,
1169 2758 1327 2817 pater,

115 2822 218 2871 Hoc
243 2837 455 2888 namque
482 2839 536 2873 es
563 2824 742 2887 dignus
768 2824 1011 2889 appellari
1036 2824 1253 2879 nomine,

113 2890 242 2941 Tuto
267 2893 469 2957 querela
494 2895 609 2960 quia
634 2894 764 2959 apud
789 2900 837 2943 te
865 2894 1147 2959 deponitur.
1695 2896 1721 2938 5
