1940 3072
19 228 131 270 1260

19 596 131 637 1265

21 963 135 1006 1270

20 1331 133 1374 1275

23 1700 137 1742 1280

24 2069 136 2110 1285

825 125 894 132 .-.
972 93 1043 147 252
1126 124 1188 131 -

165 214 474 283 delphinum
513 213 725 282 patulas
764 212 967 282 promit
1005 212 1348 280 capricornus
1387 211 1445 263 in
1482 229 1657 264 auras.

237 288 313 341 Et
351 288 620 340 matutino
660 305 781 340 cum
821 285 997 356 surgit
1036 285 1339 355 aquarius
1380 285 1530 354 orbe,

166 382 226 416 os
268 380 434 431 equus
475 361 646 430 adque
684 360 844 430 pedes
883 378 1056 413 nouus
1096 359 1280 412 exerit.
1349 377 1469 412 ecce
1511 358 1748 412 cadentis

163 438 317 505 parte
356 435 469 504 poli
506 434 678 487 trahit
717 434 996 488 occiduum
1035 452 1143 486 nox
1183 436 1302 486 atra
1343 433 1441 486 sub
1482 451 1682 503 aequor

166 508 496 562 Centaurum
536 508 726 577 cauda,
767 508 860 561 sed
898 510 1211 577 non'caput
1250 510 1344 560 aut
1383 525 1689 561 umerorum

164 586 323 637 uasta
363 583 522 636 simul
560 582 766 652 recipit.
843 582 1084 651 persistit
1120 584 1338 651 pectore
1377 582 1520 635 celso

166 657 467 726 cornipedis
510 657 711 725 species
751 659 805 709 et
844 656 1051 709 caelum
1089 657 1290 709 uertice
1330 656 1497 709 fulcit.

167 750 262 785 ora
302 731 492 785 dehinc
534 748 751 800 serpens
793 733 846 783 et
883 730 1060 799 prima
1097 730 1378 783 uolumina
1415 732 1629 783 tantum

167 805 428 858 conditur.
504 805 741 875 ingentis
781 805 889 858 late
929 807 1114 857 tamen
1154 804 1374 873 agmina
1413 804 1613 857 caudae

165 897 305 948 pone
343 878 529 932 trahit.
610 879 756 931 subit
794 879 902 931 ista
941 879 1130 947 solum,
1171 878 1317 931 subit
1355 896 1590 947 aequora
1628 894 1854 945 rursum,

166 954 380 1022 integer
420 951 622 1005 Oceani
661 970 782 1004 cum
822 970 876 1005 se
918 951 1219 1005 Centaurus
1259 952 1315 1004 in
1353 952 1524 1004 undas

166 1027 353 1079 iecerit
393 1026 563 1095 adque
602 1044 745 1079 nouo
784 1026 1056 1079 uibrarint
1094 1026 1266 1079 sidere
1305 1026 1535 1095 pisces.

165 1101 250 1152 his
291 1101 347 1152 in
388 1119 597 1153 summa
636 1100 749 1168 poli
791 1101 1134 1169 surgentibus
1174 1100 1266 1152 ille
1305 1118 1401 1168 per
1442 1103 1683 1152 austrum

165 1174 331 1243 piscis
371 1174 525 1243 item,
563 1175 753 1242 planta
793 1192 951 1242 quem
989 1174 1211 1242 pulcher
1250 1174 1499 1243 aquarius
1539 1175 1718 1242 urget,

166 1248 418 1301 redditur.
494 1247 627 1299 haut
666 1250 783 1300 toto
823 1250 1005 1299 tamen
1043 1247 1132 1300 hic
1173 1266 1229 1300 se
1270 1265 1491 1316 corpore
1530 1246 1751 1316 promit,

168 1322 259 1374 sed
298 1325 481 1374 manet
521 1321 739 1374 alterius
780 1322 1049 1373 uenientis
1088 1325 1335 1390 tempora
1373 1321 1536 1390 signi:

167 1398 321 1464 parte
360 1396 518 1463 latet,
557 1398 768 1463 partem
811 1414 1004 1463 supera
1041 1395 1098 1447 in
1138 1414 1378 1448 conuexa
1417 1395 1625 1447 sonoris

168 1469 419 1522 fiuctibus
460 1469 698 1521 absoluit
735 1469 927 1537 pelagi.
1006 1469 1080 1521 sic
1119 1469 1340 1521 brachia
1378 1471 1615 1521 maestae

169 1542 567 1610 Andromedae,
609 1542 684 1594 sic
725 1560 878 1594 crura
917 1542 1106 1594 dehinc
1145 1542 1419 1610 umerique
1457 1542 1690 1594 nitentes

169 1617 429 1685 paulatim
469 1633 661 1668 recauo
701 1616 926 1668 redeunt
962 1616 1154 1684 maris,
1194 1633 1357 1668 aurea
1397 1616 1544 1668 caelo

170 1692 456 1758 postquam
498 1689 718 1741 adolent
755 1689 929 1757 pisces
969 1689 1225 1743 incendia.
1303 1689 1529 1758 denique
1568 1689 1743 1758 pisces

171 1782 290 1815 cum
329 1763 577 1830 rutilant,
617 1762 816 1816 mundo
858 1763 1102 1816 dextram
1141 1764 1273 1816 haec
1313 1763 1582 1816 attollitur
1619 1764 1803 1816 ulnam

168 1837 425 1906 laeuaque
464 1837 697 1905 uirginei
737 1855 945 1889 sursum
986 1855 1042 1890 se
1083 1837 1318 1905 corporis
1359 1837 1537 1905 edent,

168 1910 384 1963 Phrixei
422 1913 712 1978 postquam
752 1911 959 1979 pecoris
998 1911 1308 1979 proruperit
1348 1914 1512 1964 ortus·

243 1984 552 2036 Australem
592 1983 680 2036 hic
721 1985 890 2036 aries
932 2002 1079 2036 aram
1120 1985 1303 2053 procul
1343 1984 1594 2036 admouet
1632 1983 1788 2037 undis

171 2058 403 2127 gurgitis
445 2057 666 2110 occidui.
744 2076 850 2126 qua
888 2058 980 2110 lux
1018 2058 1177 2126 redit,
1219 2057 1417 2110 excitat
1454 2057 1597 2126 idem

291 2220 404 2260 1260
436 2216 622 2271 patulas
648 2216 837 2262 Grotius
869 2230 1034 2273 paruas
1068 2216 1154 2260 VA
1231 2221 1340 2262 1261
1376 2230 1479 2260 cum
1512 2215 1661 2274 surgit
1691 2230 1717 2261 v
1750 2229 1856 2260 con-

169 2274 318 2331 surgit
357 2274 480 2318 VAe
603 2280 714 2319 1262
749 2275 895 2319 exerit
927 2289 1033 2321 ecce
1065 2275 1272 2320 cadentis
1304 2290 1326 2320 e
1359 2276 1559 2320 exeritae
1592 2275 1856 2320 cecadentis

178 2333 241 2387 V,
264 2333 411 2378 exerit
458 2347 625 2378 exceca
664 2334 815 2378 dentis
854 2335 900 2378 A
1057 2340 1170 2379 1263
1211 2334 1296 2378 sub
1343 2334 1387 2377 V
1422 2348 1504 2379 om.
1544 2335 1590 2378 A
1744 2339 1855 2379 1267

170 2406 358 2448 serpens
386 2406 408 2436 e
440 2405 660 2448 spernens
695 2393 780 2436 VA
905 2398 1016 2437 1268
1049 2394 1144 2438 late
1176 2407 1198 2437 e
1228 2394 1325 2452 late
1360 2393 1445 2437 VA
1568 2398 1680 2437 1269
1707 2392 1857 2437 80111111

116 2500 120 2508 ,
179 2450 265 2494 VA
305 2451 453 2495 salum
487 2450 675 2495 Grotius
797 2456 911 2496 1270
944 2466 992 2496 se
1034 2452 1077 2495 V
1104 2453 1299 2497 correxit
1329 2451 1374 2495 A
1497 2457 1609 2496 1273
1643 2466 1779 2508 quem
1811 2451 1857 2496 A

171 2524 215 2565 q.
257 2509 301 2552 V
419 2514 531 2553 1275
572 2509 764 2555 alterius
806 2510 849 2554 V
884 2510 1074 2555 alternis
1105 2511 1151 2554 A
1274 2515 1385 2555 1281
1426 2510 1660 2555 attollitur
1696 2511 1856 2555 ulnam

172 2568 362 2612 Grotius
399 2568 555 2612 atollit
591 2568 639 2612 in
678 2569 836 2613 ulnam
878 2569 921 2613 V
955 2570 1132 2613 attollit
1169 2570 1218 2613 in
1255 2569 1414 2613 ulnam
1444 2571 1490 2613 A
1613 2573 1725 2614 1282
1759 2583 1855 2614 cor·

171 2626 298 2682 poris
330 2627 468 2671 edent
498 2628 663 2683 scripsi
694 2629 751 2682 cf.
778 2628 966 2673 Hermes
1001 2628 1119 2671 XII
1143 2642 1189 2683 p.
1224 2632 1314 2673 160
1345 2642 1389 2674 n.
1423 2631 1483 2673 32
1514 2631 1695 2685 corpori
1726 2627 1854 2673 sede-

172 2687 257 2728 unt
303 2685 348 2727 V
386 2687 590 2742 corporis
629 2686 774 2730 edunt
805 2687 850 2730 A
974 2691 1086 2731 1283
1118 2686 1307 2732 Phrixei
1345 2688 1510 2742 scripsi
1539 2687 1697 2730 Phriss
1730 2688 1777 2732 et
1820 2686 1861 2730 V

173 2743 353 2787 Phrisei
399 2745 447 2788 et
484 2746 529 2787 A
567 2745 709 2788 Phrix
752 2747 799 2789 et
837 2759 859 2789 e
896 2745 1084 2790 Phrixei
1123 2747 1170 2790 et
1207 2759 1234 2791 υ
1387 2751 1500 2790 1284
1540 2746 1790 2791 australem
1829 2759 1854 2789 v

173 2802 374 2846 australe
415 2803 540 2847 VAe
561 2805 577 2860 Ι]
600 2803 819 2848 admouet
850 2805 894 2848 A
925 2803 1135 2850 admouit
1174 2804 1219 2847 V

1936 513 1940 520 1

1935 819 1940 854 1
