1940 3072
218 95 283 143 32
686 102 951 149 PHAEDRJ
984 101 1357 148 FABVLARVM

221 227 542 293 Persequitur
569 226 707 277 illum
732 224 853 275 dura
877 224 968 275 fati
993 225 1210 275 miseria.

293 298 418 347 Galli
444 296 667 362 Cybebes
693 297 882 344 circum
905 296 959 344 in
984 301 1217 360 quaestus
1245 294 1428 346 ducere

225 364 426 417 Asinum
452 365 676 416 solebant
699 364 1005 415 baiulantem
1030 366 1267 415 sarcinas,

221 437 268 487 ls
293 452 404 486 cum
429 435 599 485 labore
626 440 676 484 et
699 435 858 500 plagis
885 440 1015 484 esset
1038 440 1278 493 mortuus,

222 506 449 556 Detracta
475 505 604 570 pelle
630 503 731 554 sibi
755 505 985 554 fecerunt
1008 509 1254 569 tympana.

222 575 397 639 Rogati
424 590 534 624 mox
561 590 587 624 a
612 573 849 639 quodam,
877 573 1056 623 delicio
1083 588 1170 623 suo

223 644 465 703 Quidnam
490 645 748 701 fecissent,
774 644 870 692 hoc
893 643 1044 693 locuti
1070 648 1185 693 sunt
1209 643 1383 696 modo=

223 714 431 764 Putabat
456 729 507 764 se
533 719 644 779 post
668 719 877 763 mortem
903 727 1133 763 securum
1157 713 1291 772 fore;

222 784 349 834 Ecce
376 784 500 835 aliae
526 784 698 849 plagae
724 788 1061 847 congeruntur
1085 789 1297 834 mortuo.

809 909 1235 986 FABYLAIL

892 991 937 1032 P
943 990 1144 1033 OE'I'A.

292 1062 511 1112 Ioculare
536 1061 631 1112 tibi
656 1062 876 1119 videtur,
905 1067 955 1111 et
980 1076 1096 1110 sane
1122 1061 1232 1119 levi,

223 1132 350 1181 Dum
375 1132 498 1183 nihil
522 1131 763 1182 habemus
787 1133 967 1188 maius,
997 1130 1182 1180 calamo
1210 1130 1446 1183 ludimus,

223 1201 320 1251 Sed
346 1201 608 1265 diligenter
632 1203 829 1251 intuere
855 1201 944 1250 has
967 1202 1164 1250 nenias:

223 1270 464 1329 Quantam
490 1271 581 1321 sub
606 1271 705 1321 illis
730 1270 993 1321 utilitatem
1020 1271 1267 1335 reperies!

224 1341 331 1390 Non
355 1355 551 1406 semper
571 1356 627 1391 ea
652 1346 788 1398 sunt,
817 1355 941 1406 quae
967 1340 1225 1398 videntur;
1253 1340 1441 1405 decipit

224 1411 381 1461 Frons
406 1413 570 1475 prima
595 1410 796 1460 multos:
836 1425 949 1459 rara
973 1424 1113 1459 mens
1136 1409 1400 1473 intellegit,

224 1479 362 1538 Quod
388 1482 625 1529 interiore
653 1479 877 1530 condidit
903 1494 1021 1529 cura
1047 1479 1244 1543 angulo·

223 1550 325 1599 Hoc
350 1565 412 1599 ne
438 1550 628 1599 locutus
653 1552 760 1599 sine
785 1549 1015 1606 mercede
1042 1551 1310 1606 existimer,

225 1618 473 1669 Fabellam
499 1620 707 1669 adiciam
734 1619 793 1668 de
819 1619 1027 1669 mustela
1054 1624 1103 1669 et
1125 1618 1368 1670 muribus-

293 1689 497 1738 Mustela
524 1705 634 1738 cum
661 1691 800 1748 annis
826 1695 875 1739 et
899 1694 1099 1739 senecta
1125 1688 1302 1738 debilis

223 1759 387 1808 Mures
412 1760 601 1808 veloces
625 1775 723 1808 non
749 1759 933 1808 valeret
957 1760 1177 1824 adsequi,

224 1828 429 1878 Involvit
454 1844 507 1878 se
533 1830 692 1878 farina
719 1834 767 1878 et
792 1828 1002 1878 obscuro
1027 1828 1134 1878 loco

225 1897 418 1948 Abiecit
442 1899 777 1962 neglegenter,
830 1899 936 1948 Mus
963 1913 1126 1948 escam
1150 1904 1328 1963 putans

224 1968 434 2018 Adsiluit
459 1976 506 2018 et
532 1983 827 2033 conpressus
853 1968 1086 2018 occubuit
1111 1970 1238 2018 neci.

222 2037 358 2087 Alter
383 2038 633 2095 similiter,
662 2038 840 2087 deinde
866 2040 998 2103 perit
1024 2044 1072 2086 et
1097 2039 1290 2087 tertiuS.

223 2104 419 2173 Aliquot
444 2109 629 2157 secutis
652 2110 786 2157 venit
812 2114 861 2157 et
884 2107 1173 2164 retorridus,

225 2175 317 2234 Qui
342 2192 488 2242 saepe
514 2177 715 2242 laqueos
742 2183 790 2226 et
813 2177 1087 2244 muscipula
1114 2177 1380 2241 effugerem

224 2246 499 2312 Proculque
526 2247 729 2296 insidias
757 2262 964 2296 cernens
989 2248 1143 2297 hostis
1169 2247 1359 2297 callidi:

226 2316 307 2366 Sic
335 2317 518 2374 valeaS‚
547 2317 733 2382 inquit,
761 2322 814 2365 ut
840 2318 999 2367 farina
1025 2332 1102 2374 eS‚
1131 2332 1256 2382 quae
1283 2317 1437 2367 iaces!

803 2442 1119 2491 FABVLA
1156 2443 1249 2491 ΙΠ.

683 2525 777 2565 DE
806 2524 1043 2565 VVLPE
1073 2524 1164 2565 ΕΤ
1194 2524 1363 2571 VVA.

297 2595 444 2643 Fame
474 2601 640 2644 coacta
667 2595 836 2659 vulpes
865 2595 958 2643 alta
983 2596 1035 2643 in
1062 2596 1201 2643 vinea

228 2662 373 2713 Vvam
400 2663 662 2728 adpetebat
688 2666 892 2714 summis
920 2663 1100 2712 saliens
1125 2662 1343 2726 viribus}

227 2733 380 2789 Quam
409 2740 607 2796 tangere
634 2740 689 2783 ut
713 2749 810 2783 non
835 2734 1016 2798 potuit,
1047 2732 1303 2782 discedens
1331 2740 1423 2783 att:

227 2801 454 2852 Nondum
478 2809 667 2853 matura
693 2809 794 2863 est;
820 2803 930 2853 nolo
958 2802 1185 2853 acer—bam
1210 2817 1423 2853 sumere.

1768 719 1825 764 10

1766 1697 1817 1741 10

1763 2044 1814 2094 1‘5
