1940 3072
788 136 1151 187 —11—

127 254 220 310 sed
258 253 404 308 cerni
442 254 568 305 sunt
604 253 859 321 prompta
896 255 1081 307 tamen
1118 257 1495 324 postremaque
1535 272 1697 323 parco

15 342 93 383 235
124 330 249 400 igne
288 327 505 380 micant.
580 324 674 378 ille
712 342 916 395 angue
956 345 1176 381 manum
1216 331 1492 382 consertus
1530 330 1810 397 utramque

12 710 91 751 240

36 1079 91 1119 45

37 1446 92 1487 50

0 1815 95 1855 2255

126 402 353 473 erigitur
391 416 716 470 serpensque
757 398 949 455 dehinc
988 402 1237 470 elabitur,
1277 402 1464 455 ambas

123 476 316 529 flexilis
357 477 411 527 et
447 472 683 526 medium
723 472 895 542 cingit
936 475 1098 545 spiris
1139 476 1488 545 ophiuchum,

125 567 284 619 quem
324 565 484 633 super
521 548 832 600 haerentem
870 549 1180 634 plantarum
1219 550 1359 603 mole
1399 550 1623 602 duarum

125 623 417 692 scorpios
455 622 512 675 in
551 621 795 692 geminas
837 621 1036 676 effusus
1077 624 1285 677 uiscera
1322 624 1493 693 partis

124 697 456 766 afflictusque
497 696 679 749 oculos
717 695 1099 767 maculosaque
1138 700 1357 782 pectora
1395 714 1612 765 pressus

125 771 368 825 sustinet.
445 771 681 840 attiguas
721 769 992 824 euoluitur
1032 772 1222 841 anguis
1261 771 1319 823 in
1359 788 1517 823 auras

125 845 341 915 agmine
379 862 490 896 non
528 861 698 913 aequo
736 861 909 913 neque
949 847 1104 897 tanta
1142 844 1419 897 uolumina
1458 861 1673 912 conpar.

122 937 249 972 nam
290 936 396 987 qua
434 917 621 970 dextra
659 934 849 970 manus
890 918 1110 972 sinuoso
1152 918 1406 988 adfigitur
1445 917 1630 986 angui,

123 991 337 1062 parcius
378 991 446 1044 ab
487 991 705 1044 domino
744 994 900 1060 terga
939 994 1192 1061 explicat,
1231 993 1399 1044 altera
1435 1008 1597 1060 porro

124 1066 385 1135 plurimus
424 1083 487 1118 ac
525 1065 696 1118 multo
736 1082 832 1133 per
870 1066 1085 1119 laeuum
1124 1066 1359 1135 pondere
1397 1066 1579 1133 lapsus

123 1139 369 1192 funditur
408 1141 462 1191 et
499 1138 687 1208 rutilo,
726 1157 833 1208 qua
869 1139 960 1191 lux
1000 1141 1152 1194 sedet
1189 1141 1369 1209 ignea,
1408 1141 1591 1191 mento

123 1231 293 1283 usque
332 1212 669 1265 Ariadnaeae
709 1230 827 1265 sese
865 1213 1046 1267 uicina
1085 1231 1315 1268 coronae

123 1286 361 1340 lubricus
400 1286 640 1339 inclinat.
715 1289 840 1355 post
880 1287 1082 1356 spiram
1121 1286 1345 1340 brachia
1384 1285 1657 1355 quondam

124 1359 415 1413 formidata
452 1360 592 1412 truci
632 1360 932 1429 suspexeris
973 1360 1175 1415 Orioni.

124 1434 257 1487 haec
295 1451 551 1486 concessa
590 1435 787 1486 etenim
827 1436 1003 1487 curuis
1043 1436 1266 1489 metatio
1308 1433 1523 1487 6116116.

123 1508 229 1561 11116
266 1507 468 1560 falcata
507 1505 629 1559 Chii
667 1511 950 1576 repserunt
988 1526 1191 1563 cornua
1229 1507 1479 1574 monstri,

127 1581 362 1634 sidereae
399 1581 625 1633 nimium
663 1580 796 1633 facis
836 1582 1034 1651 indiga.
1110 1600 1343 1651 namque
1380 1580 1546 1633 hebes
1587 1578 1709 1631 ollis

125 1654 268 1725 ignis
309 1657 364 1707 et
403 1657 634 1723 optunso
675 1658 917 1707 marcent
954 1657 1203 1710 incendia
1242 1657 1402 1708 crine.

202 1726 426 1782 Callisto
467 1728 652 1781 rutilet
692 1728 884 1797 stellis,
924 1730 1115 1797 quibus
1156 1747 1322 1798 usque
1360 1727 1590 1781 ferinam

126 1820 300 1871 prona
339 1801 411 1854 sit
450 1801 706 1871 effigiem!
785 1819 888 1870 quo
929 1804 1142 1856 cardine
1181 1804 1432 1872 torqueat
1471 1817 1646 1866 axem,

128 1893 338 1944 semper
375 1875 668 1928 inocciduis
710 1876 961 1928 attollens
1001 1876 1256 1946 lampada
1294 1874 1546 1941 flammis,

127 1949 575 2018 Arctophylax
615 1949 750 2017 siue,
790 1953 851 2001 ut
889 1953 1095 2003 ueteres
1136 1950 1396 2017 cecinere,
1434 1947 1696 2010 BooteS,

127 2023 336 2076 famosa
374 2022 623 2076 Arcadici
661 2026 869 2075 testans
910 2028 1214 2076 commenta
1251 2022 1487 2092 tyranni.

129 2100 182 2150 et
218 2098 346 2150 licet
383 2097 607 2149 instanti
647 2097 836 2148 similis
878 2096 1174 2166 similisque
1215 2096 1444 2150 minanti

247 2261 334 2301 234
357 2258 574 2314 prompta
599 2270 620 2301 6
643 2258 777 2314 prota
802 2256 844 2300 V
864 2258 1001 2313 prota
1023 2256 1069 2299 A
1159 2261 1246 2301 236
1276 2255 1477 2301 elabitur
1500 2269 1521 2300 6
1546 2255 1693 2300 elabit
1724 2254 1811 2299 VA

130 2321 215 2360 239
256 2315 474 2373 scorpios
500 2315 562 2360 Ve
596 2316 803 2372 scorpius
835 2317 880 2359 A
1001 2319 1088 2359 240
1120 2316 1415 2371 afflictusque
1446 2328 1473 2359 v
1506 2314 1811 2370 Efflictusque

141 2375 255 2419 VAe
375 2379 458 2418 241
494 2375 698 2431 attiguas
730 2376 807 2419 Ae
839 2373 1076 2431 attinguas
1118 2375 1161 2418 V
1277 2379 1365 2418 244
1395 2376 1529 2430 terga
1560 2388 1581 2417 6
1611 2374 1735 2417 terta
1777 2372 1821 2414 V

127 2435 254 2477 terra
284 2435 329 2477 A
416 2438 502 2478 245
534 2390 683 2478 migilto
715 2448 736 2477 6
767 2433 938 2477 multos
981 2432 1066 2476 VA
1157 2438 1243 2478 246
1275 2433 1432 2477 mento
1464 2432 1541 2475 Ae
1573 2443 1734 2475 menco
1776 2430 1820 2473 V

131 2496 216 2537 248
242 2495 415 2549 spiram
449 2493 534 2537 VA
559 2493 747 2537 Grotius
778 2492 929 2548 spreta
961 2505 982 2535 6
1079 2497 1165 2536 250
1198 2492 1391 2536 metatio
1423 2490 1568 2534 chelis
1603 2490 1689 2533 VA
1719 2504 1813 2532 me-

131 2551 253 2596 catio
284 2552 400 2596 uelis
431 2566 453 2596 6
484 2553 540 2607 cf.
566 2552 752 2596 Hermes
779 2550 865 2594 XI
879 2565 928 2606 Ρ.
955 2554 1047 2595 249
1072 2565 1117 2595 n.
1144 2556 1174 2595 8
1266 2555 1351 2594 252
1384 2550 1587 2593 sidereae
1618 2548 1814 2591 nimium

142 2610 202 2653 Ve
232 2610 394 2666 sydere
426 2612 551 2655 enim
582 2610 629 2653 ui
660 2610 706 2654 A
775 2614 861 2653 253
896 2611 1095 2665 optunso
1134 2609 1177 2652 V
1204 2609 1369 2653 obtuso
1400 2608 1484 2652 Ae
1544 2621 1588 2651 u.
1623 2610 1717 2652 254
1746 2608 1816 2650 in-

128 2669 347 2713 scribitur
366 2669 601 2714 BOOTES
628 2669 745 2713 VAe
776 2673 862 2712 254
879 2682 1023 2723 usque
1045 2667 1235 2712 Grotius
1251 2668 1393 2722 utque
1422 2666 1538 2710 VAe
1554 2666 1609 2720 cf.
1628 2665 1817 2709 Hermes

134 2726 222 2770 XI
259 2741 306 2783 Ρ.
356 2732 451 2773 250
496 2732 618 2773 119
763 2732 847 2771 257
898 2727 1214 2784 Arctophylax
1261 2740 1283 2769 6
1328 2724 1631 2780 Arctophilax
1681 2723 1763 2767 VA
1802 2723 1817 2781 ΙΙ

129 2786 321 2886 peteres·
342 2786 419 2890 Are
451 2789 605 2832 uetere
647 2786 690 2830 V
716 2788 731 2843 ΙΙ
762 2785 930 2831 Bootes
963 2786 1037 2830 Ae
1069 2785 1208 2831 Botes
1250 2785 1293 2828 V
1407 2787 1492 2827 258
1525 2782 1711 2839 tyranni
1741 2782 1818 2827 Ae

152 2857 325 2888 irranm
