1940 3072
26 805 177 848 {1740

61 1176 174 1219 1745

15 1562 23 1578 1
58 1548 172 1591 1750

60 1919 173 1962 1755

869 158 1235 210 -71,..

212 277 458 330 conuenit
497 295 559 330 ac
596 294 833 345 rursum,
873 294 994 329 cum
1032 274 1264 345 perfurit
1303 274 1441 327 aeris
1480 273 1695 343 horror,

212 347 431 421 inspice,
472 369 634 421 quam
672 349 914 403 referant
950 350 1111 403 terris
1149 349 1450 419 pelagoque
1489 349 1739 418 quietem.

210 422 351 475 inter
383 425 559 495 prima
595 427 779 477 tamen
819 443 1049 493 paruum
1088 441 1348 494 praesepe
1386 425 1626 492 notatur,
1922 438 1940 469 4

211 496 408 550 arduus
444 499 655 552 excelso
697 499 840 568 quod
879 516 1073 553 cancer
1112 498 1328 552 cardine
1366 497 1559 550 uoluit.

208 570 334 640 hoc,
373 589 490 625 cum
531 576 813 627 concretus
852 573 1067 626 tenuari
1106 572 1343 641 coeperit
1383 589 1494 640 aer,

209 644 429 699 discutit
467 645 734 714 inpositae
772 648 882 700 late
924 647 1030 700 sibi
1068 647 1230 700 molis
1271 646 1544 698 amictum.

207 737 440 788 namque
480 721 756 774 sereniferi
794 724 946 791 patet
983 721 1089 774 hoc
1127 721 1186 774 in
1223 719 1396 773 flabra
1435 719 1703 789 aquilonis

211 793 512 847 comminus
552 797 616 862 et,
642 796 818 865 primo
858 798 1123 865 purgatur
1161 795 1378 847 flamine
1416 794 1566 846 uenti
1923 809 1940 840 4

207 870 467 937 tempore.
543 871 661 920 tum
698 871 977 940 proprium
1016 869 1326 923 modulatur
1362 871 1564 921 noctua
1603 885 1840 936 carmen,

206 945 323 995 tum
361 943 733 1011 uespertinum
768 944 953 998 cornix
989 945 1258 1013 longaeua
1294 943 1545 1011 resultat,

206 1020 325 1069 tum
364 1017 513 1069 corui
552 1018 820 1086 crepitant
858 1022 913 1072 et
951 1021 1178 1071 ouantes
1220 1019 1439 1088 gutture
1476 1035 1639 1069 rauco

207 1091 429 1161 agmina
467 1092 655 1144 crebra
693 1096 916 1162 uocant,
953 1095 1069 1144 tum
1108 1094 1241 1145 nota
1279 1091 1477 1145 cubilia
1514 1091 1646 1144 laeti

207 1165 500 1218 succedunt
538 1165 762 1235 pariter,
800 1169 918 1219 tum
954 1166 1136 1236 pinnis
1176 1184 1403 1235 corpora
1440 1165 1719 1235 plaudunt.
1923 1179 1940 1211 4

279 1238 432 1292 Tunc
471 1243 525 1292 et
565 1238 908 1309 Strymonias
948 1241 1383 1294 circumuolitare
1422 1242 1642 1308 repente

205 1314 463 1383 suspicies
502 1331 598 1383 per
638 1319 827 1383 aperta
865 1332 1048 1385 grueS,
1085 1315 1180 1367 ubi
1218 1314 1403 1367 mitior
1443 1332 1614 1367 annus

206 1390 400 1457 sponte
438 1388 803 1456 procellosum
842 1389 1112 1442 disiecerit
1152 1407 1278 1441 aera
1317 1389 1480 1442 caelO.

202 1465 334 1515 tunc
371 1480 598 1531 quoque,
638 1480 757 1515 cum
797 1463 967 1516 stellis
1006 1463 1172 1516 hebes
1213 1467 1297 1516 est
1334 1463 1427 1515 lux
1466 1462 1718 1515 omnibus
1757 1462 1902 1514 ultro

202 1537 392 1589 nubila
428 1554 527 1590 nec
566 1554 779 1590 crassos
819 1536 1217 1590 circumduxere
1257 1540 1465 1589 meatus
1475 1579 1488 1605 ‚
1924 1551 1940 1582 4

203 1614 265 1663 ut
302 1610 459 1663 iubar
499 1611 805 1664 occulerent
841 1611 1199 1681 flagrantibus
1241 1611 1403 1664 obuia
1439 1610 1694 1680 flammiS‚

204 1702 303 1738 nec
343 1685 519 1754 caligo
559 1685 771 1738 inhibet
809 1685 1085 1738 rutilantis
1124 1685 1407 1754 lampados
1447 1685 1613 1754 igniS,

206 1759 334 1812 orbe
372 1777 472 1811 nec
513 1759 722 1828 expleto
765 1778 918 1812 sacra
960 1759 1139 1812 sidera
1177 1760 1306 1811 luna
1343 1758 1605 1827 retundit,

206 1833 298 1887 sed
337 1833 447 1885 iam
488 1836 682 1902 sponte
723 1852 820 1886 sua
859 1833 1138 1886 stellarum
1176 1834 1383 1885 lumina
1422 1835 1686 1886 marcent:

206 1908 463 1961 conuenit
499 1906 759 1961 hibernae
798 1925 1150 1976 praenoscere
1190 1907 1324 1960 dura
1360 1907 1647 1976 procellae.
1929 1922 1940 1952 4

207 1982 399 2035 nubila
439 1981 485 2034 si
526 1982 675 2034 caelo
715 1982 1033 2050 consistere,
1070 1981 1260 2034 nubila
1297 1981 1429 2034 ferri

208 2057 360 2126 sique
400 2055 717 2125 superfundi
757 2056 974 2109 sibimet
1013 2055 1317 2125 suspexeris
1357 2056 1525 2124 ultrO,

334 2296 449 2336 1734
481 2290 689 2335 referant
719 2305 740 2335 e
770 2291 1005 2335 refrenent
1034 2291 1080 2334 A
1167 2295 1281 2335 1735
1312 2304 1511 2347 paruum
1542 2305 1564 2335 e
1594 2304 1793 2346 prauum
1823 2289 1869 2333 A
1893 2289 1907 2347 Ιξ

209 2363 373 2454 {5353
376 2366 407 2408 Ρ
404 2363 495 2454 122?
526 2347 1906 2466 Praississwssossnssmu?{Zolfffinfshagrgssm¹322&ss

210 2469 256 2512 A
286 2470 302 2525 11
331 2470 561 2526 purgatur
591 2483 614 2514 e
644 2470 902 2525 purgantur
933 2469 979 2511 A
1073 2473 1186 2512 1741
1219 2470 1322 2511 tum
1352 2467 1396 2511 L
1428 2483 1533 2512 cum
1560 2468 1605 2511 A
1629 2469 1644 2523 ΙΙ
1667 2466 1907 2523 proprium

211 2528 400 2573 Grotius
430 2529 623 2585 propior
654 2527 700 2571 A
731 2528 919 2583 proprio
952 2527 995 2570 L
1085 2541 1130 2571 u.
1166 2531 1286 2573 1743
1317 2541 1399 2572 om.
1432 2527 1478 2570 A
1566 2531 1678 2570 1743
1712 2526 1906 2571 ouantes

210 2587 254 2630 L
285 2587 475 2632 ouantia
506 2602 527 2632 e
628 2592 743 2631 1744
772 2588 874 2630 tum
906 2586 983 2629 Le
1012 2586 1090 2630 uel
1121 2587 1166 2630 A
1260 2590 1373 2630 1745
1407 2585 1560 2643 pinnis
1591 2585 1637 2628 A
1667 2585 1832 2641 pennis
1864 2585 1908 2628 L

214 2651 328 2690 1746
367 2646 660 2702 Strymonias
699 2646 780 2689 Le
820 2644 1085 2701 Strymonia
1122 2647 1168 2689 A
1293 2649 1404 2689 1747
1444 2645 1608 2701 aperta
1642 2644 1689 2687 A
1728 2646 1831 2688 arta
1861 2643 1906 2686 L

214 2710 326 2749 1751
363 2706 627 2751 occulerent
657 2705 962 2762 flagrantibus
986 2705 1032 2747 A
1065 2706 1307 2748 occurrent
1337 2703 1650 2761 fraglantibus
1674 2703 1718 2746 L
1794 2708 1905 2747 1752

211 2763 332 2821 ignis
363 2764 407 2807 L
436 2764 569 2822 ignes
601 2765 647 2808 A
742 2768 854 2807 1753
889 2776 1021 2807 sacra
1052 2763 1204 2807 sidera
1233 2763 1314 2806 Le
1345 2777 1446 2807 saes
1532 2763 1700 2818 sydera
1730 2762 1775 2806 A
1799 2764 1814 2819 ΙΙ
1837 2776 1907 2806 re-

212 2823 369 2867 tundit
399 2823 442 2866 L
472 2824 686 2867 recundit
716 2823 761 2866 A
848 2827 964 2866 1754
995 2822 1236 2867 stellarum
1269 2821 1351 2866 Le
1383 2822 1546 2866 stellas
1578 2823 1631 2866 ut
1660 2822 1706 2865 A
1792 2825 1908 2866 1755

214 2883 331 2927 dura
363 2883 408 2926 A
441 2882 575 2939 signa
605 2883 647 2925 L
771 2886 884 2926 1757
918 2882 1176 2937 suspexeris
1207 2881 1295 2926 Lv
1328 2881 1585 2938 suspexerit
1614 2881 1698 2926 Ae
