1940 3072
222 136 260 186 4
690 137 957 183 PHAEDRI
989 137 1362 183 FABVLARVM

227 262 525 320 Secundam,
553 263 667 327 quia
691 277 801 311 sum
824 262 993 318 fortis,
1018 260 1253 312 tribuetis
1278 261 1433 320 mihi:

225 331 376 390 Tum,
402 334 518 397 quia
541 331 654 397 plus
677 331 837 388 valeo,
864 346 945 381 me
969 337 1203 396 sequetur
1225 333 1400 390 tertia;

224 401 349 450 Malo
376 402 658 458 adficietur,
687 402 844 466 siquis
868 407 1095 466 quartam
1117 403 1357 465 tetigerit.

295 471 378 521 Sic
402 478 556 521 totam
579 471 812 536 praedam
837 471 938 520 sola
961 469 1236 536 inprobitas
1261 470 1483 526 abstulit.

798 597 1117 645 FABVLA
1160 596 1249 645 VI.

694 679 940 722 ΒΑΝ-ΑΕ
968 679 1065 722 AD
1096 678 1348 721 sol-EM.

294 749 456 799 Vicini
479 751 604 800 furis
630 749 853 800 celebres
877 750 1002 801 vidit
1024 751 1223 814 nuptias

225 821 446 884 Aesopus
471 827 520 870 et
544 822 778 870 continuo
802 834 1007 870 narrare
1030 821 1232 884 incipit:

294 890 506 939 onrem
530 890 776 955 quondam
803 889 885 939 Sol
910 905 1024 939 cum
1048 889 1196 938 vellet
1222 889 1431 946 ducere,

225 959 500 1009 Clamorem
523 974 672 1010 ranae
698 959 943 1010 sustulere
967 959 1029 1009 ad
1054 959 1234 1010 sidera.

225 1030 448 1080 Convitio
461 1036 727 1104 permotus
753 1031 949 1095 quaerit
971 1028 1197 1094 Iuppiter

226 1099 432 1149 Causam
456 1096 705 1166 querelae.
754 1098 1005 1157 Quaedam
1028 1105 1136 1148 tum
1161 1100 1323 1162 stagni
1347 1098 1536 1149 incola:

224 1168 391 1226 Nunc,
418 1171 604 1235 inquit,
631 1185 802 1219 omnes
826 1184 954 1219 unus
980 1170 1145 1218 exurit
1169 1168 1306 1218 lacus

225 1239 461 1305 Cogitque
486 1241 694 1289 miseras
719 1239 855 1289 arida
878 1238 995 1289 sede
1021 1240 1193 1288 emori.

223 1307 467 1366 Quidnam
490 1310 712 1359 futurum
737 1316 836 1367 est,
865 1310 906 1358 si
930 1310 1115 1358 crearit
1139 1307 1355 1357 liberos?

787 1434 826 1482 F
838 1434 884 1482 A
892 1435 934 1481 B
946 1434 992 1481 V
1002 1434 1044 1482 L
1055 1434 1103 1482 A
1139 1433 1258 1482 VH.

404 1516 682 1557 VVLPES
710 1516 809 1556 AD
837 1514 1224 1557 PERSONAM
1253 1515 1641 1559 TRAGIGAM.

293 1587 560 1649 Personam
585 1588 824 1649 tragicam
847 1586 977 1635 forte
1001 1586 1174 1651 vulpes
1198 1586 1415 1635 viderat:

224 1657 266 1708 Ο
291 1663 472 1722 quanta
497 1658 712 1721 species,
739 1657 924 1720 inquit,
952 1654 1216 1706 cerebrum
1239 1671 1339 1706 non
1362 1654 1536 1705 habet!

293 1727 396 1775 Hoc
421 1726 519 1776 illis
545 1726 733 1775 dictum
753 1732 851 1782 est,
880 1725 1072 1790 quibus
1090 1725 1330 1775 honorem
1357 1732 1407 1774 et
1431 1725 1640 1788 gloriam

225 1797 443 1847 Fortuna
468 1795 669 1853 tribuit,
698 1811 898 1845 sensum
925 1810 1236 1846 communem
1262 1795 1484 1846 abstulit.

772 1921 1094 1970 FABVLA
1129 1922 1270 1971 Vm.

670 2002 924 2045 LVPVS
962 2003 1062 2044 ΕΤ
1100 2003 1367 2047 GRVIS.

293 2073 388 2131 Qui
412 2074 629 2139 pretium
653 2075 822 2123 meriti
850 2074 910 2124 ab
936 2073 1165 2138 inprobis
1190 2074 1453 2131 desiderat,

226 2144 309 2194 Bis
333 2149 529 2209 peccat:
568 2144 785 2207 primum
810 2146 1042 2209 quoniam
1065 2143 1292 2207 indignos
1319 2143 1539 2201 adiuvat;

223 2213 413 2279 lnpune
439 2212 580 2263 abire
606 2212 785 2262 deinde
810 2215 925 2278 quia
950 2216 1051 2262 iam
1074 2228 1173 2262 non
1197 2219 1377 2279 potest.

294 2284 360 2333 Os
387 2284 670 2333 devoratum
694 2283 837 2333 fauce
863 2298 972 2332 cum
999 2283 1230 2333 haereret
1254 2283 1372 2348 lupi,

222 2353 398 2416 Magno
425 2351 592 2402 dolore
616 2353 774 2401 victus
799 2355 963 2418 coepit
988 2353 1207 2416 singulos

224 2423 435 2472 Inlicere
460 2423 651 2488 pretio,
676 2428 731 2471 ut
755 2421 877 2472 illud
903 2423 1222 2473 extraherent
1244 2422 1443 2472 malum.

223 2492 441 2542 Tandem
465 2507 702 2557 persuasa
727 2498 801 2540 est
824 2494 934 2542 iure
957 2493 1167 2542 iurando
1192 2494 1348 2555 gruiS,

225 2561 478 2626 Gulaeque
504 2562 713 2612 credens
736 2561 848 2611 colli
874 2562 1251 2626 longitudinem,

222 2630 560 2681 Periculosam
584 2633 705 2681 fecit
727 2631 1023 2683 medicinam
1047 2633 1183 2697 lupo,

224 2702 265 2748 A
290 2715 386 2764 quo
411 2716 522 2750 cum
547 2708 744 2765 pactum
767 2700 1011 2763 flagitaret
1035 2703 1335 2766 praemium:

223 2768 422 2832 Ingrata
448 2784 525 2827 es»,
554 2773 739 2835 inquit,
766 2785 851 2820 ore
878 2786 1002 2835 quae
1029 2787 1056 2819 e
1081 2778 1249 2821 nostro
1275 2776 1423 2836 caput

224 2837 471 2889 Incolume
498 2840 764 2891 abstuleris
788 2846 838 2890 et
860 2841 1141 2891 mercedem
1165 2842 1401 2907 postules·

1770 406 1826 450 10

1764 2704 1820 2747 10
