1940 3072
732 51 779 65 ⁷-¹⁴
794 50 809 62 ⁴,
884 53 886 55 ·
915 61 919 66 Ι
983 48 985 51 ·
1025 47 1079 66 ³)‘fi
1144 51 1145 57 π
1174 49 1176 55 ⁸
1278 50 1282 52 ⁷
1323 46 1385 67 55²
1466 60 1469 61 γ

563 66 578 73 -
672 65 783 85 ,πυ-,ῤ’
805 63 812 70 ⁴
844 68 872 87 ,Γ
897 71 919 86 ι
943 65 975 86 ,κζ
1006 67 1049 79 Ὗ,
1100 65 1154 82 ⁷¹.-
1191 66 1230 77 -„,1-
1291 73 1294 77 ,
1323 64 1340 72 ‹.
1415 65 1422 70 ι

580 84 626 116 u*
674 84 714 99 s<
755 83 834 119 Azux
856 84 859 89 ¹
878 86 895 96 ⁴.
949 80 988 98 ..ἲ
1100 84 1110 93 ³

692 161 1090 229 sATISFAc‘mo
1631 180 1704 234 89

202 307 446 362 Deuorat
468 307 714 378 egregios
736 307 948 378 ingenti
972 325 1035 360 co
1103 325 1194 360 ore
1218 309 1418 376 taurOS,

160 392 162 395 ’
275 377 350 431 Et
372 378 591 447 rapiunt
614 377 826 447 aquilae
851 377 1060 446 splendi
1097 395 1130 429 a
1152 376 1392 430 membra
1414 377 1592 446 pedes,

203 447 315 502 Dat
338 447 502 501 semel
525 449 693 501 iratus
718 447 933 500 ueniam
957 450 1082 516 post
1104 447 1333 500 uulnera
1355 447 1552 517 pardus

0 559 8 589 .-
183 538 185 540 ·
274 517 391 572 Nec
415 518 635 571 reduces
661 536 870 570 morsus
896 519 988 571 dat
1010 517 1223 570 feritate
1249 519 1355 586 pia.

0 600 9 639 4
98 597 183 640 275
209 587 454 657 Despicit
476 588 633 641 irasci
665 588 969 657 pastoribus
994 588 1199 657 optima
1222 589 1394 658 tigriS,

275 658 521 728 Despicit
545 662 600 711 et
621 659 794 727 talpas
819 658 1094 711 flammeus
1120 676 1211 711 ore
1238 659 1415 711 draco.

203 727 457 782 Fulmina
479 747 592 782 non
617 729 821 782 feriunt
843 729 1114 797 reptantia
1138 729 1383 799 gramina
1406 729 1564 782 terris

274 798 389 852 Nec
414 799 649 852 modicas
685 799 874 851 salices
898 799 1114 851 flamma
1137 799 1358 851 trisulca
1382 801 1598 867 cremat,

206 867 311 923 Sed
334 869 538 922 feriunt
561 870 727 922 celsas
750 869 1024 938 pulsantes
1047 869 1235 921 nubila
1259 868 1443 921 cedros

99 949 184 990 280
277 939 352 993 Et
374 943 584 993 montes
608 942 790 992 uastos
814 939 1059 1008 proxima
1083 957 1210 992 saxa
1231 939 1376 1007 polo,

207 1007 400 1063 Sontes
425 1013 707 1079 peccantes
732 1012 946 1062 tantum
971 1028 1067 1062 sua
1092 1009 1249 1078 culpa
1272 1009 1493 1080 fatigat:

274 1078 414 1133 Ecce
440 1081 601 1133 etiam
625 1081 866 1133 insontes
891 1080 1054 1132 noxia
1078 1098 1255 1148 poena
1278 1080 1428 1148 petit.

205 1148 263 1203 Si
302 1151 416 1219 ipse
459 1168 559 1221 ego
604 1151 849 1219 peccaui,
896 1168 1158 1219 quaenam
1195 1157 1298 1218 est,
1344 1167 1478 1220 rogo
1490 1191 1505 1218 ,
1549 1149 1708 1218 culpa

945 1271 950 1277 .
1280 1238 1520 1273 meorum

282 1288 426 1351 Quos
450 1291 608 1343 simul
634 1291 871 1360 exagitat
894 1290 1066 1360 frigus
1092 1291 1356 1359 inopsque
1381 1290 1588 1343 fames?

100 1369 184 1410 285
208 1359 431 1413 Diluuio
457 1361 662 1429 periere
687 1362 766 1413 rei
791 1362 906 1413 sine
932 1360 1079 1413 clade
1104 1362 1333 1429 piorum,

277 1429 421 1483 Loth
444 1431 618 1483 bonus
644 1433 699 1483 et
722 1431 893 1483 iustus
918 1431 1129 1483 tollitur
1154 1449 1218 1483 ex
1245 1430 1506 1484 Sodomis,

208 1498 266 1553 Si
289 1519 403 1554 non
427 1500 650 1553 humani
675 1501 887 1570 generis
912 1505 1130 1570 peccata
1153 1501 1397 1570 fuissent,

217 1592 226 1598 ·
275 1569 432 1623 Unde
456 1572 607 1640 pium
631 1589 831 1624 nomen
854 1575 1036 1640 posset
1059 1572 1255 1624 habere
1282 1572 1447 1624 deus?

209 1638 313 1694 Sed
338 1641 465 1710 quia
489 1641 581 1694 dat
604 1642 820 1694 ueniam
845 1642 1061 1711 populis
1085 1646 1304 1710 peccata
1328 1643 1588 1711 relaxanS,

101 1719 185 1760 290
279 1710 384 1764 Per
406 1712 622 1780 pietatis
650 1730 783 1781 opus
808 1730 1007 1764 nomen
1031 1712 1195 1765 habet
1218 1713 1500 1781 placidum.

211 1779 268 1833 Si
295 1782 507 1834 ueniam
531 1781 699 1834 frater
721 1781 876 1834 fratri
902 1783 1099 1835 donare
1125 1783 1354 1851 iubetur,

181 1914 187 1920 ,
281 1850 421 1913 Quid
444 1869 537 1904 rex
563 1852 814 1904 subiectis
840 1855 894 1905 et
919 1852 1166 1905 dominus
1192 1853 1445 1905 famulis?

209 1919 266 1974 Si
291 1922 446 1974 iustis
472 1922 639 1975 solem
666 1922 915 1975 dominus
938 1923 1256 1992 pluuiasque
1283 1923 1513 1975 dedisset

278 1991 331 2044 N
335 2010 393 2044 ec
419 1993 566 2045 daret
590 1993 819 2061 iniustis,
847 2010 982 2061 quae
1008 1993 1185 2045 fuerat
1207 1993 1379 2061 pietas
1394 1993 1422 2045 ἶ)

102 2070 186 2111 295
210 2060 339 2114 Non
364 2063 573 2131 quaerit
596 2063 809 2115 ueniam
838 2063 931 2132 qui
954 2064 1034 2115 nil
1056 2081 1302 2131 peccasse
1327 2064 1600 2132 probatur,

278 2131 475 2185 Nonne
501 2151 692 2184 manus
717 2133 909 2185 medici
934 2133 1191 2203 languida
1214 2135 1452 2186 membra
1475 2133 1710 2202 petunt?

209 2201 487 2255 Materiem
513 2203 683 2255 laudis
702 2204 923 2271 praebet
947 2204 1046 2255 tibi
1073 2204 1229 2272 culpa
1252 2222 1467 2257 reorum

280 2271 354 2325 Et
377 2273 566 2326 titulos
591 2273 763 2325 famae
790 2273 880 2325 dat
908 2274 1124 2341 pietatis
1151 2292 1301 2343 opus,

210 2341 438 2395 Inclitus
465 2344 807 2412 armipotens,
834 2347 1042 2396 uestrae
1062 2345 1279 2412 pietatis
1306 2344 1458 2414 origo

103 2421 188 2462 300
284 2411 358 2464 Et
383 2413 570 2465 doctus
597 2414 756 2482 genio
783 2414 1007 2482 pronior
1030 2414 1099 2466 ad
1123 2415 1339 2466 ueniam

212 2487 227 2512 ‘
243 2481 373 2535 Non
398 2483 606 2535 homini
631 2484 852 2553 ignosco
868 2489 884 2512 '
913 2484 1047 2536 dixit
1073 2491 1087 2512 ‘
1103 2485 1195 2537 sed
1218 2485 1405 2554 lingua
1423 2486 1713 2535 meretur':

218 2694 300 2734 272
337 2695 588 2736 membrida
618 2697 727 2736 unde
766 2695 957 2736 nebrida
994 2696 1163 2736 uerbum
1190 2709 1373 2749 prorsus
1411 2699 1592 2748 {quotum
1623 2694 1716 2746 effi-

20 2768 23 2769 ⁷
104 2749 246 2790 cienda·
271 2751 478 2791 licentiam
497 2751 580 2793 sibi
596 2752 1007 2804 sumpsitAr-eualus.
1051 2751 1292 2804 splendida
1311 2754 1537 2804 proposuit
1558 2750 1714 2794 Rueck.

105 2810 287 2845 ceterum
325 2812 452 2848 totum
487 2808 566 2848 hoc
602 2808 898 2848 hemistichium
936 2809 1154 2848 addidisse
1192 2809 1361 2848 uidetur
1390 2821 1495 2851 man.
1525 2820 1614 2847 rec.

104 2861 188 2901 277
217 2860 429 2922 Flumina
464 2876 578 2904 corr.
611 2865 826 2904 Areualus
863 2864 920 2915 cf.
954 2864 994 2904 V
1024 2865 1105 2904 312
1240 2866 1322 2905 300
1356 2865 1472 2904 inter
1510 2864 1644 2917 genio
1676 2868 1718 2903 et

104 2927 290 2970 promor
318 2921 494 2971 amplius
522 2921 704 2972 spatium
