1940 3072
268 132 379 204 110

261 276 351 321 nisi
406 277 511 322 iura
562 277 779 322 uetarent
829 271 1025 346 hospitii

291 350 412 392 quae
455 350 593 380 nemo
638 337 807 392 parat
837 335 1023 381 uiolare

289 395 524 440 modestus
532 392 641 439 VIII
651 399 736 439 258
754 408 891 440 canes
904 395 1024 440 lani-

291 468 370 498 are
401 454 602 499 cadauer
630 454 731 511 ipse
761 469 928 511 paras
958 455 1025 498 IX

291 518 346 556 79
379 513 503 558 colla
531 523 671 570 paro
699 513 841 559 feriat
868 514 912 559 X
935 518 1022 558 422

261 571 513 616 occidimus
540 573 704 630 regina
727 585 892 630 pares
914 574 1026 619 VIII

291 636 377 675 545
399 632 633 676 thalamos
657 631 837 677 subiere
859 647 1023 690 pares

288 689 332 733 X
355 695 442 735 338
466 690 576 734 VIII
600 696 686 736 648
719 705 766 736 se
797 693 1023 749 pariter

287 763 487 794 mersere
533 751 616 794 sub
661 751 809 795 undas
853 752 897 796 II
937 757 1021 798 128

287 807 510 864 pariter
531 811 615 853 tua
636 822 782 866 regna
804 812 1020 867 petamus

288 866 399 968 IXVIII
432 872 516 912 533
549 869 770 925 pariter
800 869 1021 927 fugerunt

257 999 390 1042 pars
429 988 626 1031 nostra
656 987 837 1032 Aeaeus
867 989 921 1032 de
952 990 1018 1032 in—

285 1044 398 1098 feris
427 1045 490 1088 IX
525 1051 608 1090 139

256 1103 420 1159 parui
460 1104 743 1161 pendentem
771 1108 938 1162 putare
978 1107 1019 1151 V

254 1222 508 1278 natamque
573 1224 773 1280 tyranno
841 1224 1020 1270 indicat

284 1279 446 1337 ignoto
462 1297 493 1338 p
504 1296 561 1326 as
572 1281 674 1325 sim
690 1283 903 1339 nupsisse
920 1299 1016 1329 ma-

284 1339 375 1385 rito
405 1341 457 1384 id
486 1344 550 1385 est
580 1345 735 1385 temere
764 1342 806 1385 X
838 1348 923 1387 313

253 1399 638 1454 pendentibus
686 1402 823 1445 astris
870 1402 913 1445 X
960 1408 1014 1447 93

283 1458 340 1512 ef.
373 1460 415 1503 d.
449 1460 530 1504 deo
559 1460 603 1502 II
635 1465 660 1504 6

254 1517 383 1561 artus
414 1520 618 1586 pensat
644 1520 822 1576 (equus)
846 1520 934 1564 VII
958 1526 1014 1565 92

252 1576 306 1619 in
351 1578 510 1632 priore
560 1581 900 1633 pentametri
945 1581 1014 1624 he—

281 1636 506 1680 mistichio
535 1637 700 1681 ultima
728 1652 893 1694 aneeps
916 1638 1014 1683 Sat.

260 1693 374 1779 {80
413 1700 469 1739 92
513 1699 600 1740 102
640 1701 726 1741 140
767 1703 850 1742 160
889 1697 914 1724 *
931 1703 1013 1743 166

253 1811 452 1857 candida
492 1828 599 1870 ppe
607 1815 659 1858 10
701 1813 804 1858 11110
845 1815 887 1858 X
929 1821 1013 1860 116

280 1872 338 1925 ef.
356 1873 399 1915 d.
417 1829 523 1916 deep
517 1874 537 1916 I
555 1829 609 1918 66
629 1873 829 1918 candida
843 1875 1014 1931 pepla

279 1930 442 1974 uolant
472 1931 581 1975 VIII
613 1938 698 1977 617

250 2000 349 2044 per
387 1992 747 2047 praepositionis
792 2006 902 2036 usus
949 1994 1012 2036 la—

279 2050 373 2092 tius
394 2054 526 2104 patet
555 2052 623 2095 ita
646 2055 698 2094 ut
721 2052 920 2095 ablatiui
940 2053 1014 2096 uel

280 2108 339 2151 ab
380 2109 506 2165 apud
542 2108 591 2153 in
618 2111 1014 2166 praepositionum

276 2167 378 2210 uice
414 2181 545 2224 saepe
581 2169 808 2225 funqatur
845 2168 888 2212 V
925 2174 1011 2214 210

278 2229 364 2269 315
397 2225 1009 2273 VI34VII79343658

279 2289 363 2327 112
403 2285 512 2329 VIII
552 2292 634 2330 111
678 2291 761 2330 129
803 2292 887 2330 317
921 2292 1006 2331 453

277 2347 364 2387 556
395 2344 461 2387 IX
494 2351 575 2389 101
611 2351 696 2389 135
732 2350 815 2389 145
850 2351 934 2390 178
966 2346 1008 2388 X

279 2407 363 2447 199
396 2409 480 2448 205
507 2409 592 2448 305
626 2403 711 2448 Sat
735 2410 804 2448 52.
831 2409 917 2449 290
946 2405 1006 2448 al.

248 2463 396 2517 (arma
418 2462 603 2519 quibus)
625 2463 802 2507 bellum
827 2463 866 2506 si
889 2465 1006 2507 tem-

275 2536 362 2577 pus
404 2523 511 2579 eget
549 2522 803 2578 perferre
835 2521 1005 2566 ualetis

275 2582 340 2625 VI
359 2586 413 2625 15
436 2582 570 2638 uirgo
587 2581 762 2625 molam
784 2581 1006 2637 perfert

275 2639 317 2683 X
351 2646 434 2684 195
475 2654 593 2695 quae
632 2654 755 2684 noua
789 2640 1005 2696 perfer-

274 2701 362 2743 ret
390 2699 586 2756 pelagus
617 2698 660 2741 X
691 2704 745 2742 41

244 2757 477 2802 medicina
491 2757 682 2802 cerastis
698 2773 728 2813 p
741 2757 828 2801 erf
831 2757 848 2800 i
858 2757 1006 2801 citur

245 2877 467 2921 confiteor
519 2878 783 2932 perstans
830 2875 873 2918 X
922 2879 1005 2920 189

274 2937 331 2992 ef.
357 2936 399 2979 d.
433 2936 512 2978 cleo
543 2935 563 2977 I
597 2941 651 2979 93

518 136 825 203 snRMoms
853 112 1298 233 0οΑ001111Α11ῖ
1302 131 1645 192 ’3130111011

1844 182 1853 183 a
1908 171 1940 178 ⁴-

1862 187 1936 200 -’,’,.“ν’

1890 205 1916 218 os

1107 250 1232 332 peti
1254 275 1374 331 petii
1402 274 1467 319 IV
1499 279 1559 318 29
1608 287 1611 290 ’
1933 306 1940 311 -

1107 333 1352 392 pignora
1369 333 1574 389 infantes
1587 331 1925 384 Draeffldius

1139 397 1233 437 tam
1262 394 1316 436 in
1343 393 1514 437 nostris
1540 406 1676 450 quam
1698 395 1752 439 in
1774 400 1872 439 car-
1938 409 1940 455 j

1137 452 1340 496 minibus
1369 453 1424 496 de
1446 453 1527 496 deo
1550 456 1594 496 et-
1617 451 1768 497 0103ὒο
1789 464 1887 513 api

1130 512 1278 567 pellat
1305 512 1577 567 saepissume
1609 512 1679 556 ita
1707 516 1760 556 ut
1782 521 1872 561 om-
1916 526 1929 557 η

1137 571 1213 615 nis
1228 583 1375 626 prope
1398 571 1592 626 oriyinis
1605 580 1762 615 sensus
1772 572 1872 616 iam
1918 566 1940 609 's

1138 630 1390 674 euanuerit.
1436 643 1582 673 unum
1623 631 1872 686 exemplum
1912 669 1921 671 ,

1137 689 1342 743 sufficiat
1385 702 1522 745 quam
1567 689 1870 734 luculentissi-
1898 701 1903 703 ⁴

1135 761 1259 792 mum
1292 747 1358 791 sic
1388 748 1508 792 fiunt
1537 747 1699 792 dulces
1724 748 1866 793 modo
1918 744 1940 783 ²1

1134 807 1336 864 pignora
1357 806 1534 851 blanda
1548 808 1766 864 parentes
1781 806 1889 863 VH!
1935 851 1937 853 ,

1107 926 1378 993 (Augustus)
1395 926 1567 969 meruit
1584 927 1769 982 tempus
1782 925 1867 970 ha-

1134 985 1245 1029 bere
1276 984 1430 1040 pium
1461 984 1559 1029 Sat.
1596 989 1680 1029 180
1913 1022 1918 1026 .

1105 1044 1278 1101 plaga
1316 1045 1488 1088 uulnus
1525 1043 1588 1086 IX
1623 1048 1705 1087 181
1746 1043 1868 1100 pla-

1134 1117 1268 1160 gare
1297 1103 1544 1146 uulnerare
1573 1100 1639 1145 IX
1672 1106 1726 1146 75
1848 1129 1851 1132 »
1914 1153 1922 1158 ‚

1103 1161 1435 1218 plectriferi
1464 1172 1688 1218 germana
1717 1160 1794 1205 dei
1822 1160 1868 1206 X
1913 1192 1934 1211 ι,

1135 1226 1221 1265 285
1254 1221 1312 1275 ef.
1347 1220 1485 1264 Orest.
1521 1225 1576 1265 85

1103 1280 1386 1336 plurimus
1419 1294 1500 1324 ora
1528 1279 1651 1337 tegit
1681 1286 1867 1336 serpens

1102 1398 1275 1443 martia
1303 1398 1401 1442 tela
1431 1399 1710 1455 pluuntur
1739 1397 1784 1441 V
1807 1401 1865 1441 27

1132 1459 1230 1502 alia
1259 1471 1330 1501 res
1361 1462 1423 1501 est
1452 1457 1541 1501 VII
1565 1462 1620 1501 93
1652 1457 1749 1501 iam
1771 1470 1866 1513 qua

1132 1518 1226 1560 stat
1262 1515 1487 1573 pluitur
1523 1516 1663 1560 tellus
1696 1515 1862 1560 sudore
1887 1538 1899 1541 -

1130 1575 1298 1620 furoris

1099 1634 1301 1679 thalami
1345 1634 1713 1690 populantem
1759 1634 1864 1678 iura

1130 1693 1290 1738 mariti
1318 1693 1429 1737 VIII
1459 1698 1487 1736 4

1100 1753 1577 1810 populatorem
1622 1752 1861 1797 Romanae

1129 1812 1283 1868 gentis
1315 1811 1357 1855 V
1390 1816 1473 1855 211

1101 1870 1352 1929 diffugiunt
1391 1884 1547 1915 omnes
1586 1869 1788 1927 populi
1815 1869 1862 1914 X

1131 1934 1217 1974 522
1272 1930 1627 1986 populosque
1673 1942 1860 1973 mouere

1128 1989 1178 2032 in
1216 1989 1507 2033 fescenninos
1543 1988 1756 2032 fremitus
1794 1987 1861 2032 VI

1132 2053 1186 2092 70
1218 2050 1275 2102 ef.
1312 2048 1451 2091 Orest.
1485 2052 1569 2092 383

1099 2106 1272 2164 egressi
1301 2121 1482 2163 puppes
1516 2108 1563 2150 et
1592 2106 1734 2150 litora
1760 2119 1858 2162 po-

1128 2167 1292 2209 scunt
1321 2165 1431 2208 VIII
1463 2170 1548 2209 540

1097 2226 1145 2268 et
1175 2225 1313 2269 modo
1347 2224 1411 2267 sic
1442 2223 1664 2280 positus
1689 2222 1776 2266 VII
1801 2226 1855 2267 71

1095 2284 1251 2328 nobile
1294 2285 1667 2340 praeceptum
1708 2284 1856 2326 recto-

1122 2357 1194 2387 res
1226 2342 1389 2387 discite
1419 2344 1526 2398 post
1549 2355 1623 2385 me
1647 2341 1743 2385 Sat.
1771 2345 1854 2385 189

1091 2401 1335 2458 pontifices
1403 2401 1608 2445 Helenus
1670 2400 1855 2444 Laocon

1123 2462 1306 2505 sacrata
1335 2462 1595 2516 potestas
1626 2459 1735 2502 VIII
1769 2463 1850 2503 181

1120 2521 1175 2564 fit
1219 2520 1394 2576 praeda
1439 2519 1702 2575 potestas
1744 2517 1854 2561 VIII

1093 2636 1306 2682 doctrina
1350 2638 1516 2693 potens
1560 2650 1652 2691 qua
1689 2647 1853 2691 prae-

1122 2697 1261 2740 duce
1285 2696 1450 2739 ductor
1465 2695 1530 2738 III
1550 2699 1603 2738 15
1626 2696 1674 2738 te
1690 2706 1851 2750 pra-e-

1122 2756 1261 2799 duce
1290 2754 1332 2797 X
1358 2760 1438 2798 131
1473 2754 1529 2808 ef.
1556 2754 1598 2797 d.
1623 2754 1704 2797 deo
1726 2753 1769 2796 Π
1793 2755 1848 2795 23

1120 2813 1351 2872 praeduce
1381 2812 1507 2856 iussu

1091 2873 1213 2918 male
1242 2871 1478 2928 conceptis
1497 2871 1850 2927 praegnatur

1120 2934 1246 2977 terra
1278 2930 1466 2975 uenenis
1496 2930 1539 2972 X
1571 2933 1654 2973 577
