1940 3072
144 86 151 105 ,
192 74 474 103 *arcu-23¹·
583 74 619 81 ·-
836 76 839 77 ν

491 166 493 168 .
552 99 555 101 ’
611 105 934 178 'i1125—163
975 135 1048 179 111
1080 91 1218 179 1213
1265 152 1283 158 „
1326 114 1329 115 ⁷

48 256 131 329 „432
171 297 174 300 .
233 255 371 311 Cum
395 255 555 310 simul
578 256 849 312 Antaeum
873 260 1028 329 rapui
1051 261 1260 314 telluris
1285 262 1577 317 alumnum.

92 347 105 365 2
122 384 146 394 „-
235 325 367 401 Quis
390 327 526 380 mihi
549 328 798 382 sudorem
823 330 962 383 lasso
987 334 1112 399 post
1134 332 1341 401 proelia
1363 335 1577 404 terget?

191 448 199 451 -
234 395 364 459 Quis
390 415 567 451 comes
591 398 725 451 alter
758 398 860 452 erit
883 417 1004 453 cum
1040 401 1130 455 dat
1153 402 1267 455 fera
1290 403 1433 456 bella
1455 422 1691 458 nouerca
1703 407 1731 457 ἶ)

123 475 126 478 ’
234 465 376 529 Quid
401 469 559 521 matri
583 470 814 523 narrabo
841 473 964 523 tuae
990 489 1125 540 quae
1153 475 1206 525 te
1231 473 1365 525 mihi
1388 493 1616 542 paruum

44 542 98 602 ἐς,
127 547 212 588 160
234 536 525 607 Deposuit,
550 539 767 607 pietatis
791 540 946 609 inops
973 559 1108 610 quae
1132 543 1363 612 pignora
1385 544 1602 597 reddam

235 605 371 660 Cum
397 613 694 662 conuentus
720 610 846 664 ero‘?
885 611 1058 664 dicam
1086 615 1270 666 tamen
1293 614 1407 682 ipse
1431 616 1667 683 parenti:

234 677 460 731 ‘Exulta
475 720 491 748 ‚
515 680 772 750 genitrix,
798 681 1025 733 nimium
1051 682 1275 752 laetare,
1302 685 1459 737 beata
1540 735 1544 738 ,

230 749 376 802 Ante
386 767 580 818 parens
590 750 842 820 hominm,
856 751 1069 819 pulchri
1081 753 1240 806 modo
1254 755 1492 807 numinis
1502 759 1704 808 auctor.
1712 764 1725 784 '

50 961 53 965 ¹
120 974 221 1032 111.
260 977 392 1046 Exp.
417 976 602 1031 fabula
625 977 769 1031 Ylae.
808 977 1007 1046 Incipit
1029 979 1291 1046 praefatio
1317 979 1384 1033 ad
1403 979 1728 1035 Felicianum

34 1051 53 1105 ’2
263 1051 686 1120 grammaticum,
714 1052 1153 1179 cgfflgcsluupffigtin
1177 1052 1445 1107 auditorio
1471 1069 1585 1108 cum

230 1253 516 1306 Fructibus
542 1257 668 1322 apta
692 1253 906 1322 quidem
934 1255 1138 1306 cunctis
1166 1257 1246 1306 est
1269 1257 1411 1306 terra
1435 1256 1664 1308 creatrix

227 1324 408 1376 Altius
434 1324 718 1376 intendens
743 1323 835 1376 sed
862 1341 1044 1376 causas
1069 1324 1309 1392 perspice
1334 1328 1519 1393 partus

226 1394 301 1447 Et
324 1397 500 1447 totum
526 1411 789 1462 cognosce
815 1394 953 1461 poli:
992 1412 1119 1446 nam
1144 1412 1264 1446 rore
1289 1396 1507 1448 maritat

227 1466 377 1517 Arua
402 1482 497 1517 suo
523 1465 613 1516 uel
638 1464 749 1516 sole
774 1463 925 1516 fouet
948 1464 1037 1516 uel
1061 1467 1325 1532 temperat
1350 1469 1527 1518 aestus

174 1545 200 1585 5
226 1535 518 1588 Alternans
545 1534 808 1587 elementa
830 1537 1048 1603 potenS,
1075 1538 1136 1586 ut
1159 1534 1347 1587 reddat
1372 1538 1425 1587 et
1449 1536 1664 1589 umbras

227 1604 504 1658 Montibus
530 1605 778 1657 arboreas
804 1609 857 1656 et
882 1605 1086 1657 culmos
1111 1608 1282 1657 armet
1306 1605 1508 1674 aristis,

228 1674 474 1728 Uentilet
499 1679 552 1728 et
575 1677 800 1727 matrem
826 1674 1103 1743 grauidam
1127 1674 1485 1743 pendentibus
1510 1677 1631 1728 uuis

227 1745 521 1813 Pampinus
548 1745 791 1797 exultans
818 1749 871 1797 et
894 1745 1097 1813 palmes
1122 1746 1370 1797 uerberet
1394 1764 1525 1798 uuas

229 1815 626 1883 Contortusque
651 1815 783 1866 fluat
805 1815 948 1867 nodo
974 1815 1241 1867 uiridante
1270 1817 1550 1883 corymbus

19 1876 41 1903 ²⁷
79 1910 85 1912 -
147 1897 201 1937 10
223 1886 299 1940 Et
322 1903 599 1954 nunquam
624 1885 867 1953 positura
891 1902 1069 1937 comas
1094 1885 1339 1937 flectatur
1364 1886 1522 1937 oliua.

227 1958 305 2009 At
329 1957 374 2009 si
397 1955 684 2024 temperies
709 1973 887 2007 rerum
914 1958 1217 2023 opportuna
1242 1958 1495 2024 negetur,

228 2026 525 2080 Infecunda
548 2025 730 2078 forent
754 2025 1075 2093 squallentia
1098 2025 1304 2077 uiscera
1328 2029 1500 2077 terrae

230 2097 305 2149 Et
326 2097 486 2149 limos
514 2095 730 2148 obducit
755 2112 884 2164 ager
909 2096 1159 2163 deceptus
1185 2095 1446 2148 inhaeret.

228 2167 495 2235 Discipuli
521 2167 595 2218 sic
629 2166 826 2234 quippe
853 2166 1014 2217 silent
1040 2166 1083 2217 si
1108 2165 1248 2218 forte
1274 2166 1528 2234 magister

149 2248 202 2287 15
227 2237 495 2305 Tollatur‚
523 2236 767 2289 doctrina
790 2238 982 2303 potens
1008 2253 1114 2303 qua
1137 2235 1398 2304 praeduce
1426 2235 1615 2288 ductor

230 2308 577 2375 Antistesque
602 2309 743 2358 tuus.
795 2306 858 2357 de
883 2308 1062 2358 uestro
1089 2305 1266 2374 fonte,
1294 2309 1569 2375 magister,

230 2377 547 2430 Romuleam
571 2377 742 2428 laetus
769 2394 919 2427 sumo
946 2394 1043 2443 pro
1069 2376 1288 2428 flumine
1315 2377 1555 2445 linguam

229 2447 302 2500 Et
326 2447 532 2516 pallens
557 2446 719 2498 reddo
746 2464 843 2514 pro
869 2446 1114 2515 frugibus
1139 2446 1252 2514 ipse
1277 2464 1494 2514 poema:

239 2590 318 2629 156
350 2592 535 2630 anteum
633 2591 653 2628 1
688 2589 856 2629 creatis
888 2602 1001 2629 corr.
1024 2589 1183 2629 Bueeh.
1279 2591 1303 2628 2
1338 2593 1497 2641 partas
1595 2591 1619 2629 3
1652 2601 1726 2630 co·

124 2657 260 2686 nosce
361 2647 389 2685 4
418 2651 627 2697 tempera
658 2645 848 2685 haustus
879 2645 936 2692 cf.
960 2646 1090 2685 Drac.
1119 2647 1170 2685 de
1202 2647 1280 2685 deo
1307 2645 1335 2684 I
1355 2647 1437 2684 590
1538 2645 1563 2682 6
1595 2644 1727 2685 arbo·

125 2701 216 2742 reis
245 2714 360 2742 corr.
382 2701 542 2744 Buech.
663 2703 712 2740 11
746 2704 970 2753 oportuna
1089 2703 1138 2741 13
1170 2700 1317 2740 limus.
1370 2706 1496 2740 antea
1525 2703 1729 2752 temptaui

124 2755 246 2796 limis
285 2757 510 2798 obductus
536 2756 543 2808 1
570 2754 769 2811 inheret]
809 2757 980 2796 inertes
1012 2756 1172 2797 Rueck.
1203 2758 1438 2808 proposuit.
1497 2758 1602 2796 latet
1632 2757 1728 2807 for-

124 2818 239 2853 tasse
263 2814 503 2865 imperfecti
524 2814 665 2864 forma
781 2815 833 2853 15
864 2812 1009 2852 dictor
1143 2815 1193 2853 17
1218 2812 1497 2853 ,Romuleum
1521 2810 1724 2866 lpsummo

124 2881 239 2911 corr.
274 2868 430 2910 Rueck.
