1940 3072
180 179 254 234 54
647 184 916 230 PHAEDRI
950 183 1323 230 FABVLARVM

182 310 434 375 Numquid
459 309 577 367 tibi,
604 310 790 375 inquit,
817 309 952 358 visus
977 324 1087 359 sum
1111 308 1403 375 superbior?

180 380 323 430 Haud
348 395 469 429 vana
493 379 639 429 nobis
663 381 833 443 ingeni
857 379 1038 429 fiducia
1064 386 1154 430 est.

181 449 444 499 Confectus
468 449 552 498 ille
578 451 793 514 pessimo
817 448 1089 499 volumine:

180 518 312 582 Ego,
339 520 524 584 inquit,
552 519 683 584 quod
708 524 756 568 te
781 519 952 569 laudas
976 519 1296 570 vehementer
1319 520 1492 586 probo,

180 587 402 655 Namque
427 589 521 638 hoc
547 588 608 638 ab
635 588 730 638 alio
755 604 1024 654 numquam
1050 592 1303 654 continget
1331 590 1442 641 tibi.

732 716 1050 766 FABVLA
1084 717 1226 767 vm.

345 797 706 840 POMPEIVS
734 797 1033 840 MAGNVS
1061 799 1153 840 ET
1181 798 1347 841 EIVS
1375 800 1608 844 MILES.

528 864 679 919 Quam
708 864 896 910 difficile
927 865 990 910 sit
1017 866 1254 911 hominem
1282 880 1431 913 nosse.

248 940 413 1004 Magni
436 940 643 1005 Pompei
666 939 809 989 miles
833 942 960 989 vasti
985 942 1210 1005 corporis

178 1009 357 1059 Fracte
383 1010 630 1078 loquendo
653 1016 703 1059 et
726 1009 1023 1059 ambulando
1047 1010 1264 1061 molliter

178 1080 380 1129 Famam
403 1080 597 1130 cinaedi
622 1085 843 1130 traxerat
866 1081 1212 1130 certissimam.

176 1149 269 1200 Hic
293 1150 555 1200 insidiatus
578 1155 721 1200 nocte
745 1151 982 1199 iumentis
1007 1150 1162 1207 ducis,

176 1219 297 1270 Cum
321 1225 456 1269 veste
483 1225 533 1269 et
557 1235 677 1270 auro
703 1225 754 1269 et
776 1234 954 1283 magno
979 1222 1172 1283 argenti
1197 1221 1417 1286 pondere

175 1292 366 1340 Avertit
388 1290 564 1340 mulos.
613 1289 820 1340 Factum
843 1303 1016 1339 rumor
1040 1290 1272 1356 dissipat;

175 1361 414 1424 Arguitur
437 1360 604 1418 miles,
632 1361 827 1425 rapitur
851 1362 905 1410 in
928 1361 1251 1425 praetorium.

175 1429 303 1479 Tum
326 1430 556 1494 Magnus:
607 1428 766 1487 Quid?
801 1431 894 1487 ait,
922 1436 1040 1479 tune
1065 1445 1172 1487 me,
1200 1432 1481 1490 commilito,

176 1500 398 1565 Spoliare
424 1515 478 1549 es
502 1501 680 1550 ausus?
729 1500 815 1548 llle
841 1502 1075 1549 continuo
1101 1508 1324 1550 exscreat

175 1570 286 1619 Sibi
311 1572 364 1620 in
388 1571 641 1620 sinistram
667 1577 717 1620 et
742 1575 940 1635 sputum
965 1570 1134 1634 digitis
1159 1571 1385 1636 dissipat.

175 1640 283 1698 Sic,
309 1642 604 1705 imperator,
633 1640 762 1691 oculi
792 1640 1126 1690 exstillescant
1149 1643 1266 1697 mei,

175 1710 229 1760 Si
252 1710 354 1760 vidi
379 1716 464 1760 aut
486 1711 646 1774 tetigi.
698 1710 824 1760 Tum
848 1712 926 1759 vir
950 1712 1104 1760 animi
1128 1711 1368 1776 simplicis

173 1780 230 1830 Id
254 1780 468 1830 dedecus
493 1787 772 1830 castrorum
796 1780 1006 1846 propelli
1030 1779 1185 1838 iubet,

174 1849 277 1900 Nec
303 1850 480 1900 cadere
506 1853 560 1900 in
584 1850 726 1900 illum
750 1851 910 1900 credit
933 1857 1120 1900 tantam
1147 1851 1416 1902 audaciam.

172 1919 332 1970 Breve
357 1927 552 1986 tempus
575 1922 885 1978 intercessit,
913 1927 963 1970 et
986 1921 1142 1970 fidens
1166 1935 1316 1970 manu

171 1990 332 2040 Vnum
357 2005 383 2039 e
407 1990 642 2040 Romanis
664 1990 965 2055 provocabat
987 1990 1249 2041 barbarus.

173 2060 282 2110 Sibi
307 2062 516 2126 quisque
541 2062 742 2119 metuit;
769 2063 919 2126 primi
944 2063 1064 2126 quin
1089 2067 1313 2110 mussant
1338 2061 1505 2112 duces,

171 2130 393 2179 Tandem
418 2131 654 2180 cinaedus
677 2130 874 2189 habitu,
901 2131 988 2180 sed
1012 2131 1143 2181 Mars
1167 2130 1373 2187 viribuS,

172 2201 288 2251 Adit
311 2200 565 2251 sedentem
589 2216 681 2265 pro
704 2201 947 2250 tribunali
972 2200 1162 2258 ducem,
1254 2213 1265 2217 “

172 2271 235 2320 Et
258 2285 378 2320 voce
403 2270 561 2320 molli:
604 2271 775 2320 Licet?
811 2271 1078 2320 Enimvero
1103 2272 1197 2320 eici

170 2342 343 2390 Virum
367 2347 422 2389 ut
446 2342 499 2389 in
523 2355 579 2388 re
606 2342 761 2390 atroci
784 2340 990 2404 Magnus
1015 2341 1327 2391 stomachans
1351 2343 1564 2408 inperat.

170 2410 298 2460 Tum
323 2410 524 2475 quidam
548 2412 715 2459 senior
741 2426 801 2459 ex
827 2412 999 2459 amicis
1023 2412 1289 2475 principis:

170 2480 312 2530 Hunc
339 2495 429 2544 ego
454 2481 695 2529 committi
722 2482 874 2529 satius
897 2480 1147 2530 Fortunae
1174 2480 1404 2539 arbitror,

170 2550 228 2599 In
252 2566 349 2615 quo
373 2552 563 2600 iactura
586 2550 709 2599 levis
734 2557 832 2607 est,
860 2565 1008 2615 quam
1032 2550 1210 2600 fortem
1235 2553 1410 2607 virum,

170 2618 266 2676 Qui
292 2635 409 2670 casu
434 2621 595 2670 victus
617 2621 914 2669 temeritatis
937 2626 986 2669 te
1014 2627 1205 2684 arguat.

171 2691 393 2739 Assensit
416 2690 620 2753 Magnus
644 2696 693 2739 et
715 2690 946 2754 permisit
969 2690 1118 2739 militi

170 2759 377 2808 Prodire
404 2766 599 2817 contra;
626 2762 712 2825 qui
737 2761 947 2809 mirante
973 2762 1212 2816 exercitu,

170 2828 311 2877 Dicto
337 2828 547 2878 celerius
572 2830 729 2878 bostis
755 2828 967 2878 abscidit
991 2835 1139 2893 caput

171 2898 439 2964 Victorque
463 2899 628 2948 rediit.
679 2899 768 2948 His
794 2905 911 2948 tunc
936 2898 1198 2963 Pompeius
1223 2914 1399 2965 super:

1718 1928 1771 1971 15

1716 2279 1770 2321 20

1712 2629 1766 2669 25
