1940 3072
799 167 979 214 LIBER
1013 168 1094 215 111.

145 291 280 351 Quae
305 306 461 356 genus
484 299 746 356 utrumque
773 300 941 342 nosset
965 308 1077 342 cum
1102 293 1455 358 pulcherrime,

140 362 327 426 Legem
353 360 544 411 duabus
566 361 693 411 hanc
716 364 976 428 proposuit
999 362 1250 427 partibus:

145 431 254 482 Non
278 433 632 481 inconveniens
656 446 837 496 corpus
862 439 913 481 et
935 448 1027 497 par
1051 440 1126 483 est
1150 434 1299 490 color.

143 501 200 551 In
226 500 431 551 dubium
454 501 599 566 plane
624 515 708 551 res
732 509 786 551 ut
810 504 990 551 merito
1014 505 1223 553 venerit.

145 570 242 621 Sed
266 587 329 621 ne
354 571 531 634 religio
554 578 729 636 peccet
751 573 1025 636 inprudens
1049 588 1176 628 mea,

143 641 287 690 Alvos
311 643 520 705 accipite
546 648 596 690 et
620 636 750 691 ceris
776 657 898 706 opus
922 643 1186 700 infundite,

142 711 204 760 Vt
228 726 288 760 ex
313 726 487 776 sapore
512 710 673 760 mellis
698 718 748 760 et
771 711 930 761 forma
955 713 1069 768 favi,

140 780 212 830 De
237 782 350 846 quis
373 796 504 830 nunc
530 783 716 844 agitur,
744 787 915 830 auctor
938 781 1115 830 horum
1142 791 1394 847 appareat.

141 851 266 900 Fuci
291 858 551 900 recusant:
590 849 767 915 apibus
792 851 1016 899 condicio
1042 852 1218 916 placet.

141 919 280 970 Tunc
305 920 387 970 illa
412 920 497 970 tali
523 921 602 969 ius
626 920 739 969 tulit
764 923 1032 970 sententia:

141 992 376 1053 Apertum
402 996 479 1040 est
501 991 610 1055 quis
634 1005 732 1039 non
756 992 937 1055 possit,
966 996 1017 1039 et
1039 993 1151 1056 quis
1176 992 1372 1042 fecerit.

140 1058 450 1125 Quapropter
475 1060 652 1125 apibus
675 1061 895 1109 fructum
920 1062 1129 1110 restituo
1156 1077 1315 1111 suum.

209 1130 346 1179 Hanc
371 1132 722 1195 praeterissem
745 1129 961 1179 fabulam
986 1130 1201 1187 silentio,

141 1199 194 1249 Si
218 1207 411 1265 pactam
436 1200 538 1249 fuci
562 1215 662 1249 non
686 1206 1001 1249 recusassent
1025 1200 1187 1249 fidem.

694 1326 734 1373 F
745 1325 842 1373 AB
856 1325 904 1372 V
913 1325 954 1373 L
968 1329 1015 1374 A
1050 1326 1185 1374 XIV.

474 1406 570 1448 DE
599 1405 787 1447 LVSV
814 1406 905 1446 ET
934 1406 1400 1449 SEVERITATE.

209 1478 485 1528 Puerorum
510 1479 562 1526 in
587 1475 735 1526 turba
759 1477 959 1542 quidam
984 1477 1235 1527 ludentem
1259 1479 1451 1527 Atticus

138 1550 383 1612 Aesopum
407 1546 619 1596 nucibus
644 1560 757 1595 cum
781 1546 1008 1603 vidisset,
1036 1550 1222 1597 restitit

139 1618 201 1668 Et
226 1619 369 1682 quasi
397 1617 608 1666 delirum
632 1617 759 1665 risit.
809 1614 949 1673 Quod
974 1618 1133 1666 sensit
1156 1617 1302 1666 simul

136 1687 336 1738 Derisor
361 1688 525 1752 potius
549 1701 696 1751 quam
722 1686 1023 1736 deridendus
1047 1702 1214 1744 senex,

137 1760 318 1807 Arcum
344 1765 597 1805 retensum
621 1757 788 1821 posuit
811 1757 865 1805 in
889 1757 1054 1805 media
1079 1759 1182 1806 via:

137 1827 294 1878 Heus!
330 1828 514 1891 inquit,
543 1827 764 1890 sapienS,
793 1826 994 1890 expedi,
1022 1827 1140 1890 quid
1165 1828 1389 1876 fecerim.

136 1897 400 1947 Concurrit
425 1894 649 1960 populus.
701 1894 787 1943 Ille
814 1910 867 1943 se
891 1902 1091 1959 torquet
1117 1896 1202 1944 diu

135 1968 240 2017 Nec
264 1966 568 2032 quaestionis
592 1965 781 2030 positae
807 1979 1004 2014 causam
1028 1964 1288 2028 intellegit.

136 2036 412 2086 Novissime
439 2033 732 2084 succumbit.
784 2034 910 2083 Tum
936 2036 1091 2083 victor
1117 2035 1327 2099 sophus:

135 2106 244 2156 Cito
269 2119 469 2170 rumpes
494 2119 687 2160 arcum,
716 2119 912 2169 semper
937 2106 978 2153 si
1002 2110 1197 2154 tensum
1222 2104 1484 2161 hahueris;

134 2178 197 2226 At
221 2177 262 2224 si
288 2175 493 2232 laxariS,
521 2189 634 2223 cum
658 2173 792 2223 voles
818 2176 915 2223 erit
939 2175 1093 2223 utilis,

206 2245 287 2294 Sic
312 2244 457 2294 ludus
482 2245 645 2293 animo
672 2243 820 2293 debet
846 2244 1108 2308 aliquando
1135 2244 1259 2301 dari,

133 2315 207 2365 Ad
233 2313 546 2379 cogitandum
569 2313 745 2362 melior
770 2319 825 2362 ut
848 2314 1018 2363 redeat
1042 2313 1151 2363 tibi.

704 2440 743 2486 F
755 2439 801 2487 A
812 2439 854 2487 B
866 2440 911 2486 V
924 2440 964 2487 L
977 2440 1024 2488 A
1060 2439 1167 2487 XV.

616 2519 824 2561 CANIS
853 2521 949 2561 AD
979 2520 1255 2562 AGNVM.

204 2592 338 2642 luter
364 2591 573 2656 capellas
602 2605 726 2653 agno
751 2591 938 2655 palanti
965 2592 1125 2639 canis:

134 2662 316 2715 Stulte.
343 2663 531 2726 inquit,
559 2675 723 2717 erras;
749 2675 848 2709 non
875 2666 949 2708 est
973 2659 1054 2708 hic
1079 2666 1235 2708 mater
1261 2666 1369 2708 tua:

132 2732 358 2796 Ovesque
385 2740 666 2793 segregatas
691 2729 908 2779 ostendit
932 2729 1121 2794 procul.

133 2800 242 2850 Non
267 2800 398 2849 illam
426 2815 635 2864 quaem,
663 2814 817 2864 quae,
845 2814 957 2848 cum
982 2798 1179 2847 libitum
1206 2804 1302 2855 est,
1331 2798 1563 2864 concipit,

130 2869 257 2920 Dein
282 2876 447 2935 portat
470 2884 593 2919 onus
618 2870 840 2932 ignotum
869 2873 1020 2918 certis
1044 2867 1311 2926 mensibuS,

1678 167 1747 221 27

1689 719 1743 762 10

1691 1069 1741 1110 15

1683 2109 1736 2151 lo
