1940 3072
33 1709 88 1749 50

785 172 1151 226 -59-

125 290 359 345 excludit
395 290 544 344 rutili
582 292 861 360 totamque
898 290 1209 344 uolantibus
1249 289 1492 344 aethram

124 364 476 435 praestringit
511 363 740 417 flammis
779 367 833 417 et
871 364 1078 417 caelum
1118 363 1318 418 sulfure
1357 364 1561 419 odorat.

125 438 376 493 omnibus
414 438 501 491 his
540 438 787 508 genetrix
823 438 985 491 tellus
1025 440 1079 490 et
1117 439 1353 507 caespite
1392 439 1461 492 ab
1500 439 1610 492 imo

125 512 389 566 ducuntur
428 512 610 581 superi
648 515 843 565 motus,
919 512 1040 580 ipsa
1078 512 1240 582 ignea
1277 512 1464 565 mundi

121 586 348 655 lumina,
385 585 719 657 flammigero
758 585 1009 639 Phoebus
1048 588 1261 639 temone
1302 603 1587 639 coruscans

123 663 179 714 et
218 678 354 730 quae
392 660 711 729 noctiuagos
750 660 950 713 attollit
986 658 1140 712 Luna
1176 660 1455 729 iuuencos,

122 734 209 787 his
247 752 500 804 peperere
539 733 695 787 malis
736 733 985 786 exordia
1043 751 1274 802 namque
1315 733 1534 787 deorum

123 809 295 861 mouit
332 808 556 861 humum
596 826 716 862 cum
755 807 893 860 forte
933 807 1102 876 calor,
1140 807 1322 860 laxata
1360 811 1578 877 repente

124 882 455 951 spiramenta
494 881 596 935 soli
631 899 798 934 uenas
837 881 1025 950 procul
1064 881 1283 950 altaque
1321 881 1566 950 pandunt

124 955 331 1009 uiscera
368 955 567 1009 telluri.
643 955 781 1008 bibit
818 955 986 1007 imum
1025 957 1173 1008 terra
1211 956 1441 1008 calorem

125 1029 351 1099 desuper
390 1033 444 1083 et
482 1028 756 1082 madidum
794 1029 1092 1098 tepefactus
1133 1046 1352 1098 caespes
1394 1029 1628 1083 anhelat.

124 1103 262 1156 aeris
300 1104 402 1157 hos
440 1106 619 1156 motus
657 1103 970 1172 rabiemque
1008 1103 1263 1156 uolubilis
1302 1102 1498 1172 undae,

120 1177 291 1230 flabra
328 1178 706 1246 procellarum,
744 1176 1001 1229 mundani
1038 1176 1273 1230 tramitis
1313 1177 1444 1246 iraS,

122 1251 449 1320 praesentire
489 1251 655 1304 decet.
732 1269 862 1320 cape
902 1251 1091 1303 sollers
1134 1251 1346 1319 singula
1385 1253 1564 1303 mente

123 1326 530 1395 praeceptisque
568 1325 742 1378 uirum
786 1324 1027 1378 sitientia
1065 1327 1283 1393 pectora
1322 1325 1510 1392 pande.

196 1397 435 1467 Cynthia
473 1417 593 1452 cum
630 1399 866 1468 primum
905 1398 1055 1451 caelo
1095 1416 1237 1451 noua
1277 1416 1477 1451 cornua
1514 1399 1738 1468 promit,

122 1475 308 1525 cautus
347 1473 616 1542 utrimque
655 1473 812 1525 deam
852 1472 1221 1541 circumspice,
1259 1490 1491 1541 namque
1532 1476 1780 1526 reuectae

120 1564 457 1616 nequaquam
497 1564 706 1615 semper
746 1546 937 1599 similis
977 1546 1070 1598 lux
1107 1545 1285 1598 inbuit
1326 1548 1527 1615 ortum,

123 1620 213 1672 sed
252 1620 458 1689 species
496 1621 713 1674 diuersa
749 1620 921 1673 trahit
958 1620 1213 1688 uarioque
1251 1621 1473 1672 notatur

119 1693 428 1748 formarum.
505 1694 668 1762 primi
706 1711 827 1747 cum
867 1693 1041 1763 surgit
1079 1693 1297 1746 luminis
1337 1694 1485 1763 igne,

122 1768 283 1820 tertia
322 1786 443 1821 cum
481 1767 694 1837 rutilat,
733 1785 855 1820 cum
894 1767 1066 1820 maior
1107 1767 1294 1819 sideris
1336 1766 1579 1820 aethram

122 1842 332 1895 scandit
371 1845 425 1894 et
463 1842 635 1894 aerias
676 1843 869 1910 quarta
907 1841 1025 1893 face
1066 1840 1297 1893 luminat
1337 1858 1480 1910 oraS,

121 1916 471 1985 ingredientis
513 1916 614 1969 erit
651 1916 808 1984 plene
847 1915 947 1966 tibi
984 1915 1178 1966 nuntia
1216 1914 1430 1967 mensis

122 1989 253 2042 haec
293 1990 560 2058 castigato
603 1989 649 2042 si
687 1989 849 2041 tertia
886 1988 1099 2041 fulserit
1138 1990 1284 2056 ortu,

121 2082 257 2133 pura
296 2064 367 2116 sit
404 2066 466 2116 ut
503 2063 676 2116 foedis
717 2063 784 2115 ab
826 2062 1097 2130 sordibuS,
1138 2060 1322 2114 adfore
1362 2062 1501 2114 dicet

124 2137 267 2190 clara
306 2155 494 2190 serena
534 2136 638 2189 diu.
713 2137 864 2189 tenui
905 2136 1193 2188 surrexerit
1233 2138 1411 2187 autem

125 2211 169 2262 si
207 2211 323 2264 face
364 2213 418 2263 et
456 2211 630 2280 ignito
673 2210 1011 2279 suppinxerit
1051 2227 1144 2261 ora
1182 2209 1399 2272 rubore,

122 2284 337 2337 turbida
375 2288 640 2338 certantes
681 2286 1000 2337 conuerrent
1040 2300 1273 2352 aequora
1312 2282 1475 2336 cauri.

123 2358 340 2411 luminis
378 2359 487 2411 ista
526 2358 719 2410 dehinc
760 2357 805 2409 si
846 2356 1077 2409 crassior
1117 2356 1288 2425 adque
1326 2356 1559 2409 retunsis

246 2537 358 2577 1432
391 2532 565 2577 sulfure
596 2532 642 2576 A
673 2532 856 2588 sulpore
897 2530 942 2574 V
968 2529 1123 2574 sufure
1156 2544 1177 2575 e
1270 2534 1385 2574 1434
1416 2531 1570 2574 motus
1601 2542 1627 2573 v
1660 2530 1810 2573 metus

133 2590 257 2636 VAe
393 2596 506 2636 1435
545 2591 833 2647 flammigero
872 2603 894 2634 e
931 2588 1171 2646 flamigero
1219 2588 1305 2633 VA
1441 2593 1553 2632 1436
1592 2586 1810 2631 iuuencos

134 2649 257 2695 VAe
293 2649 473 2708 iugales
511 2663 537 2694 v
633 2655 744 2694 1437
784 2662 1005 2705 peperere
1043 2661 1065 2692 e
1095 2661 1254 2704 perere
1295 2646 1381 2691 VA
1410 2649 1427 2703 u
1458 2646 1648 2691 deorum
1690 2646 1813 2691 VAe

125 2708 338 2753 deorsum
374 2723 401 2752 v
440 2709 499 2763 cf.
530 2709 718 2754 Hermes
752 2708 889 2751 XVI
917 2721 968 2763 p.
1000 2710 1086 2751 131
1127 2721 1172 2751 n.
1204 2709 1266 2751 92
1388 2710 1501 2749 1442
1541 2704 1812 2761 rabiemque

135 2766 178 2809 V
203 2767 425 2823 rabieque
449 2768 495 2812 A
566 2772 678 2812 1453
713 2767 802 2810 erit
831 2767 967 2823 plene
992 2779 1013 2810 e
1038 2765 1170 2820 eritq
1195 2765 1299 2809 lene
1334 2764 1420 2807 VA
1492 2768 1606 2808 1454
1629 2763 1814 2808 fulserit

134 2826 179 2868 V
210 2826 404 2871 fulxerit
440 2826 486 2871 A
617 2830 729 2871 1458
771 2826 1044 2871 conuerrent
1092 2824 1134 2867 V
1170 2824 1443 2868 conuertent
1492 2823 1534 2866 V
1567 2825 1582 2879 fl
1620 2822 1748 2867 cauri
1786 2837 1811 2866 v

126 2886 286 2930 chauri
325 2885 449 2930 VAe

1834 600 1899 632 110

1835 966 1899 1000 115

1834 1337 1898 1369 120

1835 1705 1899 1738 125

1835 2073 1900 2106 130
