1940 3072
3 349 13 362 ,.
66 340 76 354 ;
106 334 118 347 =
189 301 486 375 Rumperet
509 303 755 358 ensiferis
781 322 904 357 cum
929 303 1101 356 ferrea
1118 303 1307 357 messis
1331 304 1535 374 aristiS,

42 437 44 442 ⁸
83 374 488 444 580,Insurgunt
511 374 725 444 clipei3‚
750 374 970 443 rapiunt
993 373 1153 427 simul
1178 390 1330 427 arma
1347 374 1645 446 phalanges

0 463 22 482 ν’
113 487 117 490 .
188 444 455 499 Mortibus
480 445 700 499 alternis
725 447 780 498 et
796 447 988 503 mutua
1011 443 1124 496 fata
1146 444 1450 513 minantur,
1483 510 1488 513 x

110 572 114 574 ,
188 514 621 584 Fraternumque
638 515 790 568 nefas
816 515 908 584 qui
933 514 1101 584 gessit
1124 514 1364 567 uindicat
1388 516 1545 569 ensis,

94 595 109 605 ”
185 584 319 639 Inde
342 585 604 639 Athamas
638 583 969 638 miserandus
995 587 1134 649 erat,
1165 585 1326 638 miser
1359 584 1483 638 inde
1507 584 1693 641 Palae-

1265 673 1393 708 mon

0 752 11 796 ᾗ
53 775 59 779 ,
84 773 93 779 ,
185 724 318 779 Inde
341 724 551 781 Iocasta
574 724 705 791 fuit,
731 725 904 794 turpis
928 724 1035 777 fuit
1060 723 1298 793 Oedipus
1323 697 1448 778 ind'e
1461 766 1476 792 ,

0 806 11 865 Ι·
81 805 164 847 585
186 795 319 849 Inde
343 795 591 850 Eteocles
617 797 732 848 erat
754 795 920 848 frater
943 794 1219 863 Polynicis
1246 797 1299 847 et
1322 794 1521 864 hostis,

0 885 4 889 ’
185 866 259 919 Et
281 865 569 935 Polynices
595 865 751 934 inops
775 866 1018 935 germani
1042 868 1214 917 morte
1239 868 1565 934 peremptus,

171 935 394 992 ‚Blanda
418 935 630 1003 UenuS‚
656 935 853 989 lasciue
876 954 1035 1004 puer,
1066 934 1323 988 Semeleie
1349 929 1589 1006 Bacche]
1659 939 1662 941 ’

187 1006 398 1059 Parcite
421 1025 520 1059 uos
545 1005 724 1059 saltim
749 1005 972 1075 Thebis,
1009 1006 1201 1075 quibus
1227 1008 1415 1058 auctor
1440 1006 1595 1077 origo

186 1077 301 1130 Aut
324 1076 534 1130 soboles
558 1076 830 1145 praeclara
854 1076 984 1129 fuit:
1021 1076 1122 1129 tibi
1147 1078 1342 1143 mater,
1375 1076 1594 1146 Iacche,

81 1157 166 1198 590
186 1146 443 1201 Thebana
468 1147 532 1199 de
558 1147 723 1215 stirpe
748 1149 897 1199 tuam
920 1146 1250 1215 Thebisque‚
1276 1145 1480 1215 Dione,

186 1216 539 1270 Harmoniam
571 1217 816 1288 nupsisse
851 1217 1059 1269 ferunt:
1098 1234 1197 1286 pro
1224 1234 1446 1270 munere
1471 1216 1689 1271 Thebae

185 1286 260 1340 Et
282 1305 381 1356 pro
406 1290 491 1341 tot
514 1287 721 1340 meritis
748 1287 824 1340 sic
848 1287 1040 1340 funera
1064 1290 1218 1340 tanta
1241 1287 1553 1340 merentur?

189 1356 405 1411 Crimen
431 1358 534 1411 erit
558 1357 804 1427 genuisse
831 1357 982 1426 deOS‚
1009 1358 1117 1411 iam
1143 1356 1303 1410 Creta
1327 1356 1631 1411 Tonantem

186 1427 505 1497 Depositum
530 1428 761 1481 nutrisse
788 1431 973 1497 neget,
1001 1428 1107 1480 iam
1132 1427 1298 1480 Delos
1323 1429 1381 1480 in
1406 1428 1575 1480 undas

0 1507 17 1552 Τ
79 1508 163 1550 595
187 1497 439 1551 Fluctuet
463 1501 517 1551 et
538 1501 733 1567 paueat
755 1501 941 1566 partus
965 1498 1220 1550 meruisse
1247 1497 1494 1567 deorum,

184 1567 261 1621 Te
287 1567 555 1622 Uenerem
579 1568 717 1620 freta
741 1571 920 1621 uestra
942 1572 1167 1637 negent,
1195 1568 1404 1620 abiuret
1429 1571 1656 1622 Amores

191 1638 399 1707 Cyprus
424 1641 478 1691 et
499 1638 729 1691 Idalium
753 1639 937 1708 pigeat
962 1638 1190 1691 coluisse
1216 1637 1457 1706 Dionen,

187 1706 462 1762 Uulcanus
488 1708 692 1761 Lemno
705 1750 719 1776 ,
744 1708 882 1761 Iuno
910 1712 1195 1777 spernatur
1220 1709 1285 1761 ab
1311 1710 1499 1778 Argis,

2 1838 9 1840 ,
189 1777 442 1848 Gorgone
469 1779 722 1831 terribilis
747 1778 928 1833 Pallas
955 1778 1236 1831 damnetur
1260 1779 1490 1831 Athenis
1502 1821 1518 1847 ,

82 1859 171 1900 600
187 1847 374 1918 Sitque
398 1849 550 1901 nefas
576 1849 801 1902 coluisse
828 1849 976 1914 deos,
1007 1849 1133 1918 quia
1160 1850 1360 1902 crimen
1390 1849 1619 1902 habetur

186 1918 508 1989 Belligionis
533 1919 707 1972 honos
721 1960 735 1987 ,
763 1937 885 1973 611111
911 1919 1001 1972 dat
1024 1937 1123 1987 pro
1150 1918 1304 1971 laude
1330 1919 1543 1987 pericla.

21 2155 23 2157 ,
193 2118 276 2160 583
309 2118 421 2159 Inde
452 2097 646 2173 talamgs
667 2119 812 2158 uer-sui
837 2131 947 2158 crux
973 2120 1175 2170 praefixa
1199 2123 1262 2157 est
1348 2117 1430 2157 585
1460 2117 1654 2158 Thocles
1679 2117 1685 2171 Ι

79 2173 304 2215 Polinicis
433 2175 515 2215 586
548 2174 781 2216 Polinices
811 2174 1070 2226 Poliniceps
1093 2188 1118 2226 γ
1146 2173 1152 2226 Ι
1180 2173 1387 2214 ferentus
1417 2177 1689 2226 corruptelae

0 2267 9 2285 .·
78 2231 200 2284 signo
237 2235 422 2272 notatum
451 2243 565 2271 corr.
596 2229 759 2270 Bueeh.
874 2231 955 2271 587
994 2229 1249 2271 Semeleiae
1279 2230 1490 2270 bacchae
1605 2231 1689 2271 588

82 2285 215 2327 saltis
300 2311 307 2315 -
336 2287 418 2328 589
455 2290 603 2327 mater
638 2287 763 2327 iacet
886 2288 968 2327 590
1006 2287 1203 2326 Tartara
1242 2287 1530 2338 (corruptelae
1566 2288 1688 2339 siquo

80 2340 284 2395 notatum)
314 2342 401 2383 tibi
431 2342 492 2394 (ut
522 2342 708 2392 uidetur)
742 2343 916 2383 Diones
948 2343 1062 2395 quod
1089 2343 1247 2394 scripsi
1273 2344 1500 2394 proposuit
1528 2342 1686 2383 Buech.

80 2398 161 2439 591
192 2397 411 2438 Armonia
430 2412 565 2451 supra
585 2412 606 2439 r
626 2400 791 2439 literam
821 2400 1092 2450 corruptelae
1122 2404 1223 2439 nota
1252 2400 1537 2458 conspicitur*
1605 2399 1687 2439 596

0 2473 9 2547 ζ
83 2495 265 2537 adimes
380 2496 461 2537 597
494 2463 655 2562 Cyprils
683 2496 689 2550 l
715 2497 910 2537 Dionem
1006 2498 1088 2538 600
1120 2495 1190 2537 Sit
1219 2496 1352 2537 nefas
1383 2509 1497 2541 corr.
1513 2496 1686 2537 -Bueelae,

0 2558 8 2597 Ϊ
84 2565 159 2606 sub
186 2567 311 2617 finem
339 2567 539 2619 seriptum
569 2574 632 2608 est
669 2561 829 2614 Τέλος.
889 2567 1044 2607 desinit
1074 2568 1214 2608 codex
1244 2567 1552 2618 Neapolitanus
