1940 3072
84 215 167 256 105

85 583 168 623 110

82 950 164 990 115

84 1317 166 1357 120

81 1684 166 1724 125

81 2052 163 2091 130

873 84 1199 136 -6-

198 203 296 256 has
335 204 489 271 pater
529 200 872 269 omnipotens
912 201 1183 254 nemorosi
1220 199 1281 252 in
1317 200 1459 253 ualle
1495 199 1693 269 Lycaei

203 277 450 330 adsuetas
491 274 637 327 duris
678 274 946 344 quondam
984 274 1270 327 uenatibus
1310 274 1526 327 aethrae

199 349 387 402 intulit
427 351 480 401 et
517 351 676 417 rapto
716 348 1001 417 genetricis
1040 348 1169 401 flore
1210 347 1459 401 sacrauit.

199 424 285 476 uel
326 441 420 476 ceu
458 422 605 474 fama
645 422 838 475 dehinc
878 422 1034 475 docet
1073 422 1266 490 altera,
1307 420 1466 474 Creta
1504 420 1597 473 ubi
1634 420 1801 474 fluctu

199 496 442 549 tunditur
479 496 683 548 insanis
721 495 830 548 late
871 496 1207 548 circumsona
1247 513 1445 564 caur1S,

200 570 445 639 Iuppiter
481 569 581 622 has
620 570 760 622 idem
798 588 977 622 rerum
1016 587 1221 622 memor
1258 569 1588 652 indultarum

201 647 254 696 et
292 643 591 697 custoditae
631 644 865 696 referens
905 644 997 712 pia
1037 644 1177 696 dona
1217 643 1430 711 salutiS,

201 736 320 770 cum
359 735 491 786 puer
531 717 760 787 agrestis
801 717 942 769 inter
981 716 1205 770 Curetas
1246 719 1300 769 et
1337 716 1477 770 inter

198 791 452 844 Dictaeae
492 791 715 861 longum
754 791 912 843 latuit
951 790 1277 860 crepitacula
1315 791 1487 859 rupiS,

200 864 450 917 scandere
489 865 884 933 flammigerum
923 864 1097 918 uictor
1134 864 1381 933 permisit
1413 863 1727 932 Olympum,

199 939 379 991 nescia
419 938 576 1007 signa
616 938 746 991 salis
785 938 1139 1006 nocturnique
1178 938 1350 990 inscia
1389 955 1543 990 casus

199 1012 417 1080 hospita
458 1015 511 1064 et
548 1012 752 1064 insanis
794 1012 1149 1080 aquilonibus,
1221 1012 1355 1063 haut
1391 1013 1574 1063 tamen
1614 1011 1734 1064 ollis

200 1104 294 1138 ora
331 1086 417 1138 uel
459 1085 681 1138 aduerso
723 1088 850 1138 sunt
889 1085 1052 1138 obuia
1089 1087 1312 1154 pectora
1350 1087 1501 1138 motu
1514 1125 1528 1153 ,

197 1177 357 1212 uersa
394 1158 677 1228 Lycaoniis
719 1159 812 1212 sed
853 1162 1189 1228 suspectatur
1226 1159 1283 1211 in
1321 1158 1460 1211 ursis

199 1232 374 1285 forma
414 1251 573 1301 super
612 1233 919 1302 pariterque
958 1233 1081 1301 polo
1122 1233 1352 1302 uestigia
1391 1232 1614 1301 librant,

199 1306 257 1358 in
297 1306 508 1374 spinam
549 1309 602 1359 et
641 1307 870 1359 fiammis
912 1306 1155 1358 ardentia
1195 1306 1354 1358 dorsa
1391 1306 1640 1358 iacenteS.

199 1380 276 1432 sic
313 1378 461 1433 Iouis
502 1380 716 1433 altrices
756 1382 982 1432 teretem
1020 1397 1187 1448 prope
1227 1379 1459 1432 cardinis
1499 1398 1653 1433 axem

196 1454 254 1504 in
287 1455 446 1521 caput
475 1453 636 1522 inque
668 1471 898 1520 umeros,
936 1453 1159 1506 Helice
1192 1451 1654 1522 Cynosuraque,
1693 1469 1880 1505 uersae

195 1526 439 1594 praescia
478 1527 720 1579 uenturis
762 1527 895 1579 dant
934 1544 1143 1595 semper
1183 1527 1340 1596 signa
1377 1527 1640 1595 procellis.

195 1617 424 1669 namque
463 1599 648 1653 Helice
690 1600 900 1669 GraiOS,
941 1600 1137 1669 Tyrios
1178 1599 1460 1669 Cynosura
1497 1618 1594 1669 per
1635 1600 1801 1652 altum

197 1691 366 1742 parua
404 1674 557 1743 regit.
632 1692 745 1726 non
784 1674 894 1726 ulla
933 1674 1104 1727 facem
1145 1674 1475 1727 succenderit
1513 1692 1768 1744 umquam

199 1747 358 1799 stella
396 1748 544 1815 prior
580 1765 752 1815 neque
791 1748 1154 1817 flammigeros
1196 1747 1434 1800 eduxerit
1474 1751 1624 1801 ortus

199 1823 323 1872 ante
363 1820 490 1889 alia,
529 1821 761 1873 inmerso
802 1838 922 1873 cum
962 1822 1071 1873 iam
1112 1821 1357 1873 Titanius
1398 1821 1525 1874 orbe

197 1893 434 1946 inbuerit
471 1895 700 1947 tremulo
742 1894 985 1947 Tartesia
1023 1897 1178 1963 terga
1217 1895 1433 1962 rubore,

199 1964 384 2019 Cresia
423 1985 584 2036 quam
623 1968 865 2020 flammas
905 1968 1044 2020 inter
1081 1968 1374 2036 primordia
1412 1968 1586 2021 noctis

197 2040 369 2092 maior
406 2043 533 2109 agat
570 2042 856 2110 uultusque
898 2059 1076 2094 sacros
1119 2041 1370 2095 ostendat
1409 2040 1659 2110 Olympo,

192 2114 287 2165 illa
325 2113 451 2166 licet
488 2132 657 2182 paruo
699 2115 872 2167 iaceat
910 2117 1122 2168 temone
1160 2134 1256 2184 per
1296 2115 1560 2183 aethram,

189 2186 366 2239 uerior
404 2187 627 2240 infidum
666 2192 851 2240 tamen
893 2191 976 2241 est
1014 2189 1350 2241 currentibus
1392 2206 1604 2257 aequor.

190 2260 405 2312 cardine
443 2278 568 2312 nam
608 2264 723 2315 toto
766 2263 1096 2314 conuertitur
1137 2259 1294 2332 (haut
1333 2280 1485 2314 mora
1523 2262 1716 2331 longos

309 2438 389 2477 107
416 2436 551 2490 rapto
576 2448 601 2478 v
626 2436 787 2491 raptor
812 2435 927 2480 VAe
992 2439 1075 2480 108
1101 2435 1240 2480 Creta
1255 2435 1332 2480 Ae
1356 2449 1489 2480 creca
1514 2435 1558 2479 V
1616 2440 1699 2480 109
1727 2434 1873 2479 cauris

197 2491 239 2532 V
253 2491 436 2537 chauris
450 2494 495 2536 A
511 2493 657 2537 tauris
676 2507 697 2538 e
745 2498 827 2538 116
846 2493 962 2538 haut
979 2495 1154 2540 correoei
1171 2495 1252 2538 aut
1278 2494 1339 2539 Ve
1354 2494 1480 2538 haud
1496 2493 1541 2538 A
1586 2498 1668 2538 117
1686 2495 1875 2550 pectora

186 2550 262 2594 Ae
299 2552 493 2607 pectura
533 2550 576 2595 V
694 2557 776 2597 118
816 2552 1059 2607 Lycaoniis
1097 2568 1123 2597 v
1162 2552 1363 2609 lycaonii
1409 2552 1475 2597 Ve
1513 2552 1789 2608 Lychaoniis
1829 2553 1873 2596 A

189 2613 272 2652 125
320 2623 413 2654 non
458 2609 555 2653 ulla
600 2624 626 2654 v
666 2625 759 2655 non
797 2612 926 2655 nulla
972 2612 1088 2656 VAe
1189 2617 1269 2656 127
1301 2611 1502 2656 inmerso
1545 2611 1629 2654 VA
1660 2610 1871 2655 immerso

187 2681 208 2709 e
231 2669 287 2722 cf.
307 2670 457 2723 praef.
476 2682 526 2724 Ρ.
556 2668 691 2713 XVI
745 2674 827 2713 128
852 2669 1055 2714 inbuerit
1078 2670 1337 2727 (Imbuerit)
1364 2670 1551 2715 Grotius
1581 2669 1734 2714 inbuit
1764 2669 1801 2714 &
1834 2668 1877 2712 V

186 2726 358 2770 Imbuit
390 2728 437 2770 et
467 2727 543 2771 Ae
652 2733 735 2772 129
768 2728 977 2773 flammas
1009 2743 1030 2773 e
1060 2729 1239 2785 ylamas
1281 2729 1324 2772 V
1350 2729 1511 2772 flamas
1543 2730 1588 2772 A
1690 2733 1771 2772 132
1804 2727 1871 2771 in·

187 2784 327 2827 fidum
360 2799 381 2828 e
412 2785 555 2829 infidu
597 2786 640 2830 V
665 2787 806 2831 infido
839 2788 883 2830 A
977 2792 1060 2832 133
1060 2745 1255 2845 ylongos
1288 2787 1365 2831 Ae
1394 2787 1559 2844 longus
1598 2786 1643 2830 V
