1940 3072
1343 0 1375 12 *1
1409 0 1429 19 -ἰ
1447 0 1565 25 ε’·ἕττ
1600 0 1940 42 πνῑπῖὶῆωψξξ

1549 27 1557 42 *
1579 38 1582 57 ς
1610 50 1611 53 ,
1629 29 1654 46 f
1669 30 1702 54 x*
1720 21 1936 67 ‚->:·‚‹LJ1»'÷{¹?4;3

1775 62 1785 68 ⁸
1809 80 1817 84 .
1832 69 1860 88 ζ..
1871 66 1893 85 2¹:⁴2
1912 65 1923 87 J
1938 70 1940 72 ·

250 106 322 160 53
827 88 1285 151 DELIBERRTIUA
1370 92 1374 94 '
1459 79 1464 82 Α

255 243 335 283 195
359 231 633 286 Mentibus
659 232 918 286 adsciscat
939 232 1232 288 uenerandi
1255 236 1386 286 uota
1446 233 1660 287 arentis.

357 302 411 355 Ν
413 321 497 355 am
523 303 737 372 genitor
761 301 952 355 Peleus
976 302 1176 357 laetum
1198 305 1324 371 post
1346 303 1412 356 be
1455 321 1487 363 a
1510 302 1692 365 uidere

357 372 432 424 Te
459 373 620 440 cupit,
649 375 703 424 et
727 372 906 425 senior
929 371 1259 443 Lycomedes
1282 373 1528 443 coniugis
1553 376 1740 429 auctor

355 442 594 510 Exoptat
617 441 798 494 reduci
822 441 1059 511 gaudens
1085 442 1273 495 offerre
1302 446 1572 511 nepotem.

356 512 669 565 Planctibus
696 511 1097 564 Andromaches
1133 529 1230 564 ceu
1253 530 1505 580 praesens
1539 508 1736 577 blanda
1759 531 1854 582 pu*-

1433 585 1577 634 tetur
1861 589 1868 595 ⁴

252 662 336 702 200
360 650 643 704 Deidamia
667 651 827 703 simul
852 650 989 720 quae
1013 651 1203 703 sollers
1227 654 1384 705 nocte
1411 652 1600 720 dieque
1793 715 1798 718 ,

358 720 543 773 Mente
570 721 737 774 oculis
764 724 969 773 attenta
993 721 1158 789 uolat,
1185 739 1310 773 nam
1335 721 1584 774 fluctibus
1610 722 1741 775 atris

356 791 591 844 Carbasa
615 792 789 859 prima
813 791 1002 843 uidens
1027 791 1207 843 nautis
1234 791 1465 843 occurrit
1488 792 1547 844 in
1571 792 1728 844 undis

354 861 676 930 Perquirens
703 862 747 913 si
773 860 934 914 Troia
957 861 1080 928 ruit,
1107 861 1152 913 si
1178 861 1412 913 concidit
1433 860 1636 914 Hector

100 942 153 982 u>-
193 942 251 983 ⁷4]
373 931 614 985 Sollicita
638 949 796 999 quem
819 934 997 984 mente
1019 931 1188 999 timet,
1213 934 1268 984 te
1291 931 1495 999 plectra
1517 934 1790 985 tenentem

250 1013 333 1054 205
359 1004 540 1070 Atque
564 1002 761 1053 iterum
787 1002 1008 1053 blandas
1033 1001 1259 1053 iuuenili
1283 1001 1477 1069 pollice
1504 1001 1728 1054 chordas

357 1072 692 1141 Tangentem
717 1071 932 1123 laudare
959 1071 1108 1139 cupit
1132 1071 1219 1123 uel
1247 1070 1464 1123 brachia
1487 1071 1627 1124 collo

356 1141 584 1194 Nectere
611 1141 880 1193 mellifluis
906 1140 1203 1210 adiungens
1231 1140 1411 1193 oscula
1434 1140 1615 1193 labris.

354 1211 578 1264 Hecuba
602 1214 806 1263 maesta
829 1228 1048 1281 gemens
1075 1213 1129 1263 et
1153 1229 1314 1263 canos
1338 1210 1560 1278 puluere
1585 1210 1810 1263 foedans

358 1281 549 1334 Omine
575 1299 688 1333 non
712 1281 808 1333 tali
834 1284 1060 1333 matrem
1083 1283 1389 1349 praesentet
1412 1281 1479 1333 ab
1504 1280 1662 1332 undis

249 1363 332 1403 210
359 1351 529 1405 Corde
554 1354 648 1403 tuo
674 1351 869 1420 pietas:
907 1351 1034 1403 licet
1057 1350 1188 1403 haec
1213 1350 1462 1403 mortalia
1485 1350 1603 1403 fata

354 1422 419 1474 In
445 1440 501 1473 se
526 1421 676 1473 nulla
699 1421 879 1488 timet,
906 1424 1087 1473 tamen
1113 1421 1243 1472 haec
1268 1424 1336 1489 te,
1364 1420 1520 1473 fortis
1547 1420 1802 1489 Achilles,

355 1491 641 1543 Mortalem
667 1491 914 1559 genuisse
941 1490 1098 1542 dolet.
1149 1490 1307 1558 haec,
1335 1508 1563 1558 summe,
1590 1493 1820 1544 retracta

352 1561 427 1613 Et
450 1561 663 1613 ueniam
690 1560 886 1629 largire
910 1561 1045 1628 pius.
1098 1560 1145 1612 si
1169 1578 1337 1627 parua
1360 1563 1634 1628 putantur,

354 1631 462 1684 Fac
487 1631 735 1698 pretium,
765 1630 953 1698 uictor,
979 1647 1298 1699 generosum
1323 1630 1494 1682 uende
1520 1629 1759 1683 cadauer.

251 1711 333 1751 215
359 1699 639 1753 Uendatur
664 1717 760 1752 ceu
784 1700 942 1752 uiuus
969 1699 1142 1751 adhuc
1166 1718 1266 1752 nec
1291 1717 1510 1751 munere
1536 1718 1723 1768 paru0,

359 1769 463 1823 Sed
488 1773 683 1822 ueneat
706 1773 858 1822 tanto
885 1772 1086 1838 quanto
1111 1770 1427 1838 pensabitur
1452 1769 1667 1822 Hector.

356 1840 477 1893 Hoc
502 1841 678 1909 placet
702 1844 763 1893 ut
786 1840 943 1892 fortis
967 1839 1227 1892 habeatur
1251 1840 1424 1891 iudice
1449 1839 1590 1892 bello

358 1910 505 1962 Mors
530 1910 765 1978 pretiosa
790 1910 908 1962 uiri.
961 1918 1180 1962 cunctos
1205 1909 1438 1962 hortaris
1464 1909 1521 1960 in
1546 1908 1773 1977 hostem,
1802 1976 1805 1978 v

359 1979 416 2032 Si
440 1998 552 2032 non
578 1980 701 2031 uilis
729 1980 830 2032 erit
854 1979 1075 2031 ueniens
1103 1997 1320 2031 occasus
1346 1979 1403 2030 in
1430 1979 1592 2030 armis

252 2058 335 2099 220
363 2049 464 2111 Qui
491 2068 545 2102 se
573 2049 867 2118 despiciens
894 2050 1038 2101 ciues
1064 2048 1250 2100 dilexit
1275 2052 1328 2100 et
1351 2049 1551 2102 urbem.

356 2119 689 2172 Dardanides
716 2119 982 2187 dependat
1007 2136 1148 2187 opeS‚
1177 2119 1267 2170 det
1291 2135 1487 2187 magna
1508 2118 1737 2170 talenta:

354 2192 633 2257 Astyanax
658 2193 827 2258 egeat,
854 2189 1098 2241 Priamus
1123 2188 1391 2240 mendicet
1416 2191 1469 2240 et
1495 2205 1678 2240 omnes

356 2258 551 2311 Infelix
578 2277 712 2326 quos
738 2259 900 2311 Troia
924 2260 1081 2327 capit.
1125 2258 1255 2311 haec
1280 2276 1455 2326 poena
1478 2258 1718 2310 manebit

364 2387 444 2427 196
481 2385 625 2426 letum
743 2389 821 2428 198
860 2387 1000 2428 offere
1119 2389 1198 2428 199
1240 2400 1321 2427 ceu
1360 2399 1548 2439 presens
1586 2385 1728 2427 bland
1759 2393 1869 2425 ma·-

249 2434 341 2483 ritu'
372 2443 451 2483 sed
478 2444 520 2482 in
551 2445 737 2493 mar-‚qine
759 2445 1003 2484 adnotatum
1024 2445 1142 2483 uides
1175 2448 1363 2495 putatur
1394 2456 1505 2484 corr.
1527 2442 1684 2485 Bacch.
1773 2442 1852 2482 201

248 2498 393 2538 uiclat
432 2498 591 2538 Bueelz.
630 2501 853 2551 proposuit
899 2498 904 2551 Ι
946 2501 1052 2550 fort.
1086 2499 1192 2539 altis
1336 2501 1417 2538 202
1456 2498 1618 2538 animis
1656 2496 1855 2537 occurrit

248 2554 401 2594 nautis
434 2557 651 2605 temptauit
683 2555 840 2595 Bueelz.
957 2556 1039 2595 205
1079 2554 1240 2595 cordas
1357 2555 1441 2594 206
1474 2558 1520 2593 et
1549 2567 1662 2594 corr.
1692 2551 1851 2594 Buech.

305 2610 387 2649 207
419 2610 644 2661 adiunges
758 2612 840 2652 208
873 2610 1030 2651 Ecuba
1056 2609 1062 2662 Ι
1088 2609 1247 2663 pluere
1363 2611 1442 2649 211
1477 2610 1637 2649 timent
1658 2621 1773 2649 corr.
1796 2620 1854 2648 eae

249 2665 413 2705 timens
529 2667 610 2705 212
644 2665 730 2706 hoc
760 2679 875 2706 corr.
900 2666 1058 2706 Bueclz.
1176 2667 1257 2705 214
1287 2668 1463 2718 pretum
1575 2665 1662 2704 216
1694 2664 1854 2704 ueniat

247 2732 332 2760 non
375 2722 497 2761 uideo
540 2735 619 2774 quo
665 2719 750 2762 alio
797 2724 916 2762 modo
962 2723 1155 2774 eorriyas
1199 2727 1206 2774 1
1251 2725 1428 2761 tantum
1474 2724 1694 2772 quantum
1738 2731 1851 2760 corr.

248 2775 408 2815 Bueclz.
522 2778 604 2816 218
636 2777 753 2816 Mois
866 2779 947 2818 219
981 2789 1171 2817 occasus
1210 2790 1322 2818 corr.
1355 2790 1413 2816 ex
1442 2788 1655 2817 occasum
1770 2776 1851 2814 222

247 2829 473 2871 Astianax
588 2835 669 2873 223
704 2831 932 2886 Infoelixl
966 2837 1010 2872 et
1039 2846 1151 2876 corr.
1185 2832 1343 2876 Buech.
