1940 3072
792 159 1156 213 -65-

127 279 209 332 uis
249 277 412 332 simul
452 277 733 332 amborum
774 277 819 331 si
857 277 1070 330 uultum
1109 277 1238 331 solis
1279 277 1514 347 oberret,

128 355 323 407 cuncta
359 352 479 406 noti
519 350 786 422 quatient,
824 350 1023 404 imbres
1063 352 1253 421 procul
1293 370 1424 404 arua
1461 353 1731 423 rigabunt.

199 425 339 480 Ecce
380 426 513 479 alias
551 425 727 494 primo
767 425 1040 479 nascentis
1081 425 1215 479 solis
1254 426 1314 478 in
1354 427 1476 479 ortu

126 501 215 553 uel
255 519 375 554 cum
413 499 738 569 praecipites
776 500 970 571 pelago
1011 499 1141 552 deus
1179 500 1371 552 inserit
1408 499 1584 570 ignes,

35 589 94 630 90
125 577 188 627 ut
225 577 421 628 coeunt
458 574 594 627 radii
631 574 918 627 nebuloso!
997 575 1174 626 cetera
1212 574 1410 643 quippe

123 666 252 717 pars
291 647 656 717 Hyperioniae
694 647 883 701 rutilat
920 647 1053 701 facis
1091 647 1286 717 hicque
1325 665 1598 701 comarum

123 723 208 775 uis
248 723 474 776 confusa
513 723 719 775 micans
757 720 956 774 mundo
997 739 1094 774 sua
1133 721 1340 774 lumina
1376 725 1632 790 praestat.

122 795 211 849 hic
251 795 445 866 globus
485 799 601 849 ater
638 796 768 848 item
807 795 1035 847 liuentia
1072 795 1262 848 nubila
1301 796 1461 866 cogit.

122 887 235 923 non
272 889 569 941 numquam
607 887 790 922 crasso
830 869 1149 921 nebularum
1188 871 1361 922 tectus
1403 870 1602 923 amictu

33 952 92 999 95
123 943 181 996 in
219 962 460 997 conuexa
497 944 657 1012 redit,
693 946 809 996 tum
849 943 997 996 caelo
1036 961 1224 996 rursus
1265 946 1475 1012 apert0,

122 1035 243 1070 cum
282 1019 414 1087 ruit,
454 1019 705 1087 opposita
743 1018 952 1070 uultum
993 1017 1224 1087 caligine
1264 1018 1466 1070 condit:

122 1092 371 1144 omnibus
410 1092 498 1146 his
540 1092 710 1162 signis
749 1092 805 1144 in
842 1094 1041 1143 terram
1082 1091 1270 1143 defluit
1308 1092 1479 1144 imber

119 1165 403 1233 plurimus.
478 1165 749 1218 interdum
787 1166 966 1218 tenuis
1005 1167 1346 1235 praeuertere
1383 1166 1553 1219 nubes

120 1239 239 1292 uisa
277 1239 449 1292 deum.
523 1239 658 1292 haec
697 1239 859 1292 celeri
898 1240 944 1292 si
980 1240 1403 1309 praesurrexerit
1442 1243 1564 1293 ortu

119 1313 340 1382 ipseque
378 1331 519 1382 pone
559 1331 787 1383 sequens
827 1312 1100 1367 radiorum
1139 1314 1257 1367 luce
1297 1331 1475 1366 carere

120 1390 391 1456 cernatur,
429 1387 630 1440 nimbis
669 1387 982 1457 ingentibus
1021 1405 1153 1440 arua
1190 1388 1499 1441 madebunt.

121 1463 177 1512 at
215 1461 469 1513 matutini
510 1461 557 1514 si
595 1461 875 1514 Phoebum
914 1461 1091 1513 litoris
1131 1464 1252 1514 acta

118 1534 377 1587 maiorem
418 1535 581 1588 solito
620 1535 932 1604 produxerit
971 1534 1142 1604 adque
1181 1553 1279 1604 per
1318 1535 1563 1588 aethram

118 1609 379 1661 marcenti
418 1609 609 1661 similis
650 1609 930 1661 defluxerIt
968 1610 1199 1661 extimus
1240 1608 1384 1662 orbis

118 1681 289 1751 adque
330 1682 522 1735 dehinc
563 1684 823 1736 scandens
863 1683 1076 1735 minuat
1113 1683 1271 1735 iubar
1308 1683 1598 1752 igniferum
1641 1684 1743 1753 sol,

118 1773 253 1823 pura
292 1774 483 1809 serena
521 1757 764 1809 aderunt.
837 1774 1068 1825 namque
1110 1757 1206 1809 olli
1246 1757 1476 1826 gurgitis
1516 1775 1609 1809 aer

117 1829 347 1891 crassior
385 1830 712 1883 inmodicum
753 1846 977 1899 surgens
1020 1830 1303 1882 diffuderat
1342 1830 1528 1882 orbem

116 1906 170 1955 et
207 1902 315 1955 iam
357 1921 412 1955 se
451 1908 637 1958 tenero
679 1904 965 1957 sustollens
1005 1904 1220 1956 tramite
1261 1904 1394 1956 caeli

117 1976 348 2029 oblitum
386 1978 516 2030 iusti
554 1979 711 2031 iubar
749 1977 1004 2030 attrahat.
1079 1977 1168 2029 hic
1208 1995 1441 2048 quoque,
1481 1978 1694 2048 magnis

114 2068 236 2103 cum
275 2050 578 2105 madefacta
616 2052 728 2104 dies
770 2052 868 2104 sub
907 2051 1319 2119 tempestatibus
1358 2051 1567 2120 horret,

234 2229 347 2270 1587
396 2227 564 2270 cuncta
609 2225 710 2270 noti
757 2225 970 2282 quatient
1015 2226 1187 2270 imbres
1228 2239 1249 2269 e
1294 2225 1480 2284 {iiacca
1510 2227 1637 2283 (sicl)
1676 2228 1804 2271 nocti

114 2284 296 2340 quaties
311 2285 445 2329 indes
461 2286 507 2329 A
571 2288 685 2329 1593
710 2284 825 2328 item
842 2285 970 2329 eiter
986 2286 1031 2328 A
1053 2286 1070 2341 ΙΙ
1093 2284 1255 2328 nubila.
1270 2298 1292 2328 e
1308 2286 1506 2329 correxit
1521 2286 1567 2328 A
1630 2290 1743 2330 1599
1766 2287 1804 2330 si

112 2355 139 2386 v
171 2356 254 2389 om.
287 2344 333 2387 A
350 2357 371 2387 e
393 2346 408 2401 ΙΙ
431 2344 796 2400 praesurrexerit
826 2358 848 2387 e
877 2357 1060 2400 pressus
1094 2343 1341 2388 surrexerit
1371 2344 1416 2387 A
1439 2345 1455 2400 11
1478 2346 1582 2388 ortu
1614 2345 1804 2389 Grotius

113 2403 266 2446 ortum
297 2403 380 2447 Ae
442 2407 555 2447 1601
590 2405 807 2447 cernatur
838 2416 864 2446 v
896 2403 1090 2462 Letatur
1113 2404 1158 2446 A
1184 2401 1398 2446 Certatur
1429 2417 1451 2447 e
1514 2408 1627 2447 1602
1654 2404 1801 2448 Phoe-

112 2459 224 2503 bum
253 2460 405 2506 litoris
430 2462 619 2506 Grotius
642 2462 883 2506 Phoebum
914 2461 963 2505 in
993 2461 1166 2506 littoris
1190 2460 1236 2504 A
1329 2466 1442 2505 1603
1468 2462 1618 2517 adque
1643 2463 1801 2518 (atque

112 2519 151 2574 e)
183 2532 267 2576 per
297 2535 319 2564 e
350 2521 407 2564 ad
433 2535 493 2577 ap
518 2521 563 2564 A
659 2525 770 2564 1605
797 2520 948 2577 adque
972 2520 1139 2565 dehinc
1165 2521 1330 2577 scripsi
1353 2522 1409 2574 cf.
1434 2533 1587 2576 progr.
1613 2521 1800 2575 Erfurt.

112 2591 154 2622 a.
190 2581 310 2623 1882
336 2593 384 2634 p.
420 2579 508 2623 XI
530 2593 592 2636 sq.
627 2579 803 2623 abcade
836 2579 912 2623 hic
943 2580 989 2623 A
1024 2579 1136 2623 Alta
1166 2580 1332 2623 dehinc
1365 2593 1386 2623 e
1408 2580 1424 2634 ΙΙ
1454 2578 1588 2622 iubar
1618 2594 1640 2623 e
1670 2580 1803 2623 uiuat

112 2636 158 2679 A
196 2637 213 2692 ss
250 2637 497 2694 igniferum
546 2653 567 2682 e
612 2638 880 2695 igniparum
926 2639 1121 2682 correxit
1158 2637 1204 2681 A
1405 2642 1518 2681 1606
1566 2651 1729 2683 serena
1772 2653 1800 2683 v

113 2708 276 2740 secene
301 2695 347 2739 A
377 2696 530 2742 serene
563 2711 584 2741 e
607 2699 621 2754 ΙΙ
646 2697 729 2741 olli
760 2712 781 2741 e
814 2696 906 2742 orri
937 2698 983 2741 A
1107 2701 1218 2740 1607
1250 2696 1534 2740 inmodicum
1567 2697 1799 2751 (immodi-

113 2755 236 2811 cum)
270 2754 458 2800 Grotius
495 2762 515 2800 i
546 2755 781 2800 modicum
812 2758 857 2800 A
889 2757 904 2808 [Ι
935 2769 1127 2813 surgens
1158 2769 1184 2799 v
1216 2769 1300 2799 om.
1332 2756 1416 2799 Ae
1446 2756 1460 2810 ΙΙ
1492 2754 1742 2800 diffuderat
1772 2770 1797 2799 v

111 2815 308 2857 correxit
330 2816 376 2857 A
408 2814 690 2859 diffunderat
721 2828 743 2858 e
812 2819 925 2859 1608
959 2828 1006 2859 se
1033 2815 1221 2859 Grotius
1250 2814 1289 2858 si
1312 2815 1356 2857 A
1374 2828 1396 2858 e
1459 2818 1572 2857 1609
1598 2814 1798 2859 oblitum

112 2883 134 2913 e
165 2870 417 2928 Obliquum
448 2875 493 2917 A
617 2878 730 2917 1610
762 2874 858 2918 dies
892 2874 1080 2918 Grotius
1112 2874 1186 2917 die
1218 2874 1263 2917 A

202 2952 343 2986 Auieni
366 2954 507 2987 Aratea
532 2956 586 2988 ed.
611 2955 780 2995 Breysig.
1502 2951 1527 2989 5

1840 589 1906 623 265

1837 960 1902 992 270

1834 1328 1900 1361 275

1832 1697 1897 1730 280

1829 2066 1894 2098 285
