1940 3072
728 183 771 224 x
803 185 1033 227 247—308‘
1612 179 1682 236 69

154 333 161 337 >
186 304 316 363 ‘Illo
340 309 449 362 iam
473 314 715 379 gressus’
743 308 878 361 dixit
903 311 919 336 ‘
936 307 1232 370 conuertite
1258 309 1423 378 tigres
1439 350 1455 377 ‚

181 378 328 432 Estis
354 393 514 448 opus,
539 396 659 431 11103
681 379 864 447 turba,
891 378 1007 432 deo.
1055 382 1338 448 properate
1362 379 1612 432 ministri.

0 472 11 497 a
36 464 38 466 ·
78 459 162 500 280
179 448 442 519 Pinniger
464 449 664 502 Idalius
689 449 867 502 minor
891 452 972 502 est
995 449 1109 502 sine
1134 467 1354 502 munere
1379 451 1617 503 nostr0.'

171 518 395 573 Dixerat
419 523 474 572 et
497 517 771 588 Scythiam
797 518 1038 572 Bacchus
1063 519 1171 572 iam
1195 525 1387 588 sponte
1411 520 1644 588 petebat.

180 589 298 642 Iam
321 589 474 642 uenit
497 589 563 642 ad
590 588 845 658 Colchos,
871 589 979 641 iam
1005 607 1059 642 se
1087 588 1348 642 Semeleia
1373 590 1610 660 iungunt

181 659 443 731 Agmina,
469 658 755 728 Bybliades
782 660 982 712 saltant
1009 659 1358 728 Bacchaeque
1383 663 1647 713 rotantur.

182 729 400 783 Uenatu
424 730 631 783 interea
653 729 863 782 rediens
884 730 1104 782 delubra
1127 731 1345 798 petebat

75 809 158 852 285
181 799 487 853 Plectriferi
511 817 766 870 germana
791 801 900 869 dei,
926 800 1119 852 mirata
1143 803 1365 868 repente

183 869 338 933 Quod
362 870 516 924 sileat
538 870 823 938 templum,
860 870 1036 923 subito
1065 870 1209 938 quod
1243 888 1456 938 sparsus
1481 869 1679 938 ubique

181 940 500 994 Ambrosius
526 941 602 993 sic
625 940 824 1010 fraglet
850 941 995 993 odor.
1047 957 1273 993 sonuere
1298 958 1395 1009 per
1419 958 1573 993 aures

179 1010 518 1064 Fescennina
542 1010 685 1063 deae.
734 1010 1082 1079 pulchrorum
1108 1014 1237 1063 uota
1262 1014 1549 1080 geruntur:

181 1081 434 1150 Iungitur
458 1081 718 1134 Aesonidi
743 1081 956 1150 fulgens
983 1080 1172 1133 Medea
1195 1083 1405 1133 11131110.

76 1162 160 1203 290
180 1151 416 1204 Erubuit
441 1151 716 1220 doluitque
743 1151 926 1203 simul:
967 1155 1104 1204 ‘non
1132 1151 1309 1203 omine
1334 1151 1512 1203 fausto

185 1220 560 1290 Coniungatur
575 1228 590 1250 '
619 1221 696 1273 ait
722 1226 847 1273 ‘nec
871 1239 1128 1290 prospera
1151 1221 1399 1274 flammea
1423 1224 1613 1273 sumat.

182 1291 482 1360 Displiceat
506 1291 825 1360 quandoque
851 1292 967 1344 uiro
995 1292 1080 1344 cui
1113 1291 1341 1359 turpiter
1366 1291 1539 1344 audax

184 1361 488 1430 Sacrilegus
513 1362 772 1430 processit
798 1380 971 1429 amor,
1000 1362 1091 1414 sed
1116 1362 1308 1414 iustius
1336 1365 1490 1430 opto:

180 1431 424 1484 Perfidus
450 1432 720 1501 egregiam
746 1435 1056 1485 contemnat
1088 1434 1253 1484 nauta
1277 1431 1538 1502 iugalem,

53 1513 158 1554 395
179 1501 405 1556 Dulcior
430 1503 648 1554 affectus
673 1503 762 1554 uel
788 1521 969 1554 amara
992 1502 1214 1570 repudia
1239 1502 1435 1554 mittat.

180 1571 395 1625 Funera
418 1575 502 1625 tot
526 1572 707 1624 uideat
731 1572 936 1624 fuerint
961 1576 1093 1641 quot
1115 1573 1347 1641 pignora
1371 1574 1566 1640 mater,

184 1642 329 1695 Orba
352 1660 545 1710 parens
570 1645 727 1695 natos
752 1643 1002 1712 plangat,
1031 1642 1251 1695 uiduata
1275 1643 1467 1695 marito

181 1712 391 1782 Lugeat
415 1716 469 1765 et
494 1712 728 1765 sterilem
754 1713 912 1766 ducat
935 1731 1031 1781 per
1057 1713 1267 1766 saecula
1290 1716 1519 1766 noctem.

181 1782 409 1835 Aduena
434 1801 642 1851 semper
667 1786 777 1851 eat,
805 1802 860 1835 se
885 1784 1025 1836 tanti
1051 1801 1210 1836 causa
1236 1783 1435 1835 doloris

76 1864 160 1904 300
184 1855 477 1906 Auctorem
502 1852 746 1905 confessa
770 1857 965 1922 gemat.
981 1861 995 1882 ²
1047 1854 1123 1907 sic
1154 1853 1267 1905 fata
1292 1852 1470 1905 Diana

183 1923 374 1975 Tristis
401 1924 537 1991 abit,
568 1923 789 1975 delubra
813 1927 1018 1991 tacent,
1047 1924 1276 1975 sacraria
1300 1926 1565 1992 maerent,

184 1992 456 2063 Sanguine
476 1993 678 2062 templa
696 1997 894 2061 carent,
915 1994 1098 2045 nutrix
1114 1997 1294 2045 tamen
1314 1993 1451 2046 atria
1468 1995 1681 2046 tantum
1703 2009 1758 2052 [p.
1779 2010 1839 2052 87]

184 2063 527 2131 Templorum
556 2064 802 2116 seruabat
828 2082 984 2115 anus:
1024 2064 1157 2116 haec
1183 2064 1342 2116 anxia
1368 2064 1569 2116 crimen

182 2133 426 2202 Uirginis
453 2137 508 2186 et
531 2137 744 2202 raptum
770 2133 997 2186 deflebat
1021 2136 1222 2186 maesta
1245 2133 1520 2202 pudorem.

75 2215 158 2256 305
186 2203 368 2265 Qualis
393 2204 452 2256 in
478 2204 749 2256 exhaustis
774 2222 870 2273 per
895 2204 1107 2256 sordida
1131 2207 1272 2256 tecta
1296 2204 1466 2256 ruinis

184 2273 327 2327 Strix
351 2278 616 2327 nocturna
641 2278 797 2326 sonat
820 2279 994 2326 rostro
1022 2274 1278 2326 stridente
1304 2292 1400 2342 per
1423 2275 1638 2327 umbras

182 2343 366 2405 Qualis
393 2347 447 2396 01
470 2344 767 2397 horrendus
791 2344 1006 2396 funesto
1033 2345 1266 2396 carmine
1290 2345 1434 2397 bubo

184 2413 543 2482 Conqueritur
568 2414 809 2467 deflenda
843 2432 1061 2484 gemens
1087 2414 1212 2466 dum
1248 2415 1423 2466 tristia
1448 2417 1680 2467 maestus

189 2543 269 2583 281
302 2555 476 2585 uacuus
505 2556 617 2584 corr.
641 2544 800 2629 ΒηξοΙι.
832 2545 950 2583 malis
981 2555 1138 2583 currus
1167 2547 1234 2584 uel
1257 2545 1389 2583 simile
1412 2545 1514 2595 quid
1599 2543 1680 2584 283

74 2639 309 2681 Bibliades
424 2642 507 2683 284
543 2641 739 2696 peteban
861 2642 943 2681 ‘289
975 2640 1168 2681 Esonidi
1283 2643 1361 2681 291
1396 2639 1682 2692 Coniugatur

78 2696 381 2750 coniungatur
410 2710 436 2750 γ
538 2699 621 2738 294
651 2703 758 2737 nata
848 2698 930 2738 296
960 2700 1108 2736 mater
1136 2710 1249 2738 corr,
1283 2709 1341 2736 ea:
1371 2698 1504 2736 matri
1597 2696 1680 2736 298

15 2766 17 2768 ’
75 2756 252 2793 noctem
281 2758 522 2805 corruptum
559 2755 739 2794 uidetur.
797 2754 938 2793 uitam
971 2754 1194 2804 proposuit
1224 2752 1382 2793 Buce-h.
1501 2753 1583 2792 299
1620 2752 1681 2792 sit

75 2809 198 2849 tanti
339 2811 417 2850 301
460 2809 577 2861 abijt
610 2807 616 2861 Ι
651 2813 807 2850 tacent
845 2810 999 2849 nutrix
1036 2813 1188 2848 tamen
1229 2809 1349 2848 atria
1388 2811 1563 2848 tantum
1603 2808 1681 2848 sed

74 2877 223 2960 ,2212cm
244 2865 444 2917 scriptum
483 2865 687 2906 sacraria
726 2869 943 2906 maerent.
1001 2866 1097 2905 item
1134 2878 1160 2916 γ
1297 2866 1378 2905 307
1416 2864 1525 2906 bufo
1565 2876 1679 2905 corr.

120 2933 196 2961 uec
225 2952 236 2963 .
