<?xml version="1.0" encoding="UTF-8"?>
<!DOCTYPE html PUBLIC "-//W3C//DTD XHTML 1.0 Transitional//EN"
    "http://www.w3.org/TR/xhtml1/DTD/xhtml1-transitional.dtd">
<html xmlns="http://www.w3.org/1999/xhtml" xml:lang="en" lang="en">
 <head>
  <title>
</title>
<meta http-equiv="Content-Type" content="text/html;charset=utf-8" />
  <meta name='ocr-system' content='tesseract 3.04.00' />
  <meta name='ocr-capabilities' content='ocr_page ocr_carea ocr_par ocr_line ocrx_word'/>
</head>
<body>
  <div class='ocr_page' id='page_1' title='image "./phaedriaugustili00phaeuoft_0073.png"; bbox 0 0 1940 3072; ppageno 0'>
   <div class='ocr_carea' id='block_1_1' title="bbox 754 185 1074 234">
    <p class='ocr_par' dir='ltr' id='par_1_1' title="bbox 754 185 1074 234">
     <span class='ocr_line' id='line_1_1' title="bbox 754 185 1074 234; baseline 0.006 -2"><span class='ocrx_word' id='word_1_1' title='bbox 754 185 1074 234; x_wconf 84' lang='lat' dir='ltr'><strong>APPENDIX.</strong></span> 
     </span>
    </p>
   </div>
   <div class='ocr_carea' id='block_1_2' title="bbox 114 309 1263 657">
    <p class='ocr_par' dir='ltr' id='par_1_2' title="bbox 114 309 1263 657">
     <span class='ocr_line' id='line_1_2' title="bbox 119 309 1209 376; baseline 0.003 -16"><span class='ocrx_word' id='word_1_2' title='bbox 119 311 328 368; x_wconf 71' lang='lat' dir='ltr'><strong>Corona,</strong></span> <span class='ocrx_word' id='word_1_3' title='bbox 354 309 520 369; x_wconf 86' lang='lat' dir='ltr'><strong>miles,</strong></span> <span class='ocrx_word' id='word_1_4' title='bbox 548 310 779 376; x_wconf 80' lang='lat' dir='ltr'>equidem</span> <span class='ocrx_word' id='word_1_5' title='bbox 803 317 853 361; x_wconf 90' lang='lat' dir='ltr'><strong>te</strong></span> <span class='ocrx_word' id='word_1_6' title='bbox 878 311 1007 362; x_wconf 93' lang='lat' dir='ltr'><strong>dono</strong></span> <span class='ocrx_word' id='word_1_7' title='bbox 1031 312 1209 371; x_wconf 84' lang='lat' dir='ltr'><strong>libens,</strong></span> 
     </span>
     <span class='ocr_line' id='line_1_3' title="bbox 117 379 1201 449; baseline 0.004 -20"><span class='ocrx_word' id='word_1_8' title='bbox 117 379 250 439; x_wconf 73' lang='lat' dir='ltr'><strong>Quod</strong></span> <span class='ocrx_word' id='word_1_9' title='bbox 274 380 534 431; x_wconf 80' lang='lat' dir='ltr'><strong>vindicasti</strong></span> <span class='ocrx_word' id='word_1_10' title='bbox 557 380 755 431; x_wconf 86' lang='lat' dir='ltr'><strong>laudem</strong></span> <span class='ocrx_word' id='word_1_11' title='bbox 777 381 987 432; x_wconf 91' lang='lat' dir='ltr'><strong>Romani</strong></span> <span class='ocrx_word' id='word_1_12' title='bbox 1007 384 1201 449; x_wconf 81' lang='lat' dir='ltr'><strong>inperi3</strong></span> 
     </span>
     <span class='ocr_line' id='line_1_4' title="bbox 115 450 1208 517; baseline 0.002 -17"><span class='ocrx_word' id='word_1_13' title='bbox 115 450 210 500; x_wconf 85' lang='lat' dir='ltr'><strong>Sed</strong></span> <span class='ocrx_word' id='word_1_14' title='bbox 236 450 571 501; x_wconf 82' lang='lat' dir='ltr'><strong>exstillescant</strong></span> <span class='ocrx_word' id='word_1_15' title='bbox 594 451 724 501; x_wconf 93' lang='lat' dir='ltr'><strong>oculi</strong></span> <span class='ocrx_word' id='word_1_16' title='bbox 750 453 847 508; x_wconf 92' lang='lat' dir='ltr'><strong>sic,</strong></span> <span class='ocrx_word' id='word_1_17' title='bbox 875 453 1065 517; x_wconf 90' lang='lat' dir='ltr'><strong>inquit,</strong></span> <span class='ocrx_word' id='word_1_18' title='bbox 1091 455 1208 510; x_wconf 89' lang='lat' dir='ltr'><strong>mei,</strong></span> 
     </span>
     <span class='ocr_line' id='line_1_5' title="bbox 115 518 1263 586; baseline 0.003 -17"><span class='ocrx_word' id='word_1_19' title='bbox 115 518 279 586; x_wconf 84' lang='lat' dir='ltr'>Turpe</span> <span class='ocrx_word' id='word_1_20' title='bbox 305 519 426 570; x_wconf 91' lang='lat' dir='ltr'><strong>illud</strong></span> <span class='ocrx_word' id='word_1_21' title='bbox 451 522 652 570; x_wconf 78' lang='lat' dir='ltr'><strong>imitans</strong></span> <span class='ocrx_word' id='word_1_22' title='bbox 678 523 758 571; x_wconf 88' lang='lat' dir='ltr'><strong>ius</strong></span> <span class='ocrx_word' id='word_1_23' title='bbox 781 522 1047 572; x_wconf 88' lang='lat' dir='ltr'><strong>iurandum</strong></span> <span class='ocrx_word' id='word_1_24' title='bbox 1072 523 1263 581; x_wconf 79' lang='lat' dir='ltr'><strong>militis,</strong></span> 
     </span>
     <span class='ocr_line' id='line_1_6' title="bbox 114 589 1184 657; baseline 0.001 -15"><span class='ocrx_word' id='word_1_25' title='bbox 114 590 219 642; x_wconf 87' lang='lat' dir='ltr'><strong>Nisi</strong></span> <span class='ocrx_word' id='word_1_26' title='bbox 243 596 299 641; x_wconf 93' lang='lat' dir='ltr'><strong>tu</strong></span> <span class='ocrx_word' id='word_1_27' title='bbox 323 589 573 641; x_wconf 84' lang='lat' dir='ltr'><strong>abstulisti</strong></span> <span class='ocrx_word' id='word_1_28' title='bbox 600 593 820 641; x_wconf 83' lang='lat' dir='ltr'><strong>sarcinas</strong></span> <span class='ocrx_word' id='word_1_29' title='bbox 845 607 1006 657; x_wconf 85' lang='lat' dir='ltr'><strong>nuper</strong></span> <span class='ocrx_word' id='word_1_30' title='bbox 1032 608 1184 643; x_wconf 78' lang='lat' dir='ltr'><strong>meas·</strong></span> 
     </span>
    </p>
   </div>
   <div class='ocr_carea' id='block_1_3' title="bbox 430 719 1392 852">
    <p class='ocr_par' dir='ltr' id='par_1_3' title="bbox 430 719 1392 852">
     <span class='ocr_line' id='line_1_7' title="bbox 692 719 1134 769; baseline 0.002 -1"><span class='ocrx_word' id='word_1_31' title='bbox 692 719 1010 769; x_wconf 83' lang='lat' dir='ltr'><strong>FABVLA</strong></span> <span class='ocrx_word' id='word_1_32' title='bbox 1044 720 1134 769; x_wconf 89' lang='lat' dir='ltr'><strong>IX.</strong></span> 
     </span>
     <span class='ocr_line' id='line_1_8' title="bbox 430 800 1392 852; baseline 0.001 -9"><span class='ocrx_word' id='word_1_33' title='bbox 430 800 636 852; x_wconf 77' lang='lat' dir='ltr'><strong>IVNO,</strong></span> <span class='ocrx_word' id='word_1_34' title='bbox 666 800 905 842; x_wconf 75' lang='lat' dir='ltr'><strong>VENVS</strong></span> <span class='ocrx_word' id='word_1_35' title='bbox 933 801 1026 843; x_wconf 73' lang='grc' dir='ltr'><strong>ΕΤ</strong></span> <span class='ocrx_word' id='word_1_36' title='bbox 1057 801 1392 844; x_wconf 76' lang='lat' dir='ltr'><strong>GALLmA.</strong></span> 
     </span>
    </p>
   </div>
   <div class='ocr_carea' id='block_1_4' title="bbox 108 871 1357 1429">
    <p class='ocr_par' dir='ltr' id='par_1_4' title="bbox 110 871 1233 1147">
     <span class='ocr_line' id='line_1_9' title="bbox 181 871 1183 930; baseline 0 -8"><span class='ocrx_word' id='word_1_37' title='bbox 181 872 303 922; x_wconf 90' lang='lat' dir='ltr'><strong>Cum</strong></span> <span class='ocrx_word' id='word_1_38' title='bbox 328 874 607 922; x_wconf 81' lang='lat' dir='ltr'><strong>castitatem</strong></span> <span class='ocrx_word' id='word_1_39' title='bbox 630 871 754 921; x_wconf 91' lang='lat' dir='ltr'><strong>Iuno</strong></span> <span class='ocrx_word' id='word_1_40' title='bbox 778 871 1004 922; x_wconf 90' lang='lat' dir='ltr'><strong>laudaret</strong></span> <span class='ocrx_word' id='word_1_41' title='bbox 1029 887 1183 930; x_wconf 87' lang='lat' dir='ltr'><strong>suam,</strong></span> 
     </span>
     <span class='ocr_line' id='line_1_10' title="bbox 112 940 1197 1007; baseline 0.001 -16"><span class='ocrx_word' id='word_1_42' title='bbox 112 940 435 993; x_wconf 75' lang='lat' dir='ltr'><strong>Iucunditatis</strong></span> <span class='ocrx_word' id='word_1_43' title='bbox 458 957 657 992; x_wconf 85' lang='lat' dir='ltr'><strong>causam</strong></span> <span class='ocrx_word' id='word_1_44' title='bbox 681 957 780 992; x_wconf 93' lang='lat' dir='ltr'><strong>non</strong></span> <span class='ocrx_word' id='word_1_45' title='bbox 805 944 993 1007; x_wconf 85' lang='lat' dir='ltr'><strong>sprevit</strong></span> <span class='ocrx_word' id='word_1_46' title='bbox 1018 944 1197 999; x_wconf 89' lang='lat' dir='ltr'><strong>Venus,</strong></span> 
     </span>
     <span class='ocr_line' id='line_1_11' title="bbox 111 1012 1233 1078; baseline 0.001 -17"><span class='ocrx_word' id='word_1_47' title='bbox 111 1012 403 1078; x_wconf 85' lang='lat' dir='ltr'><strong>Nullamque</strong></span> <span class='ocrx_word' id='word_1_48' title='bbox 427 1019 485 1062; x_wconf 90' lang='lat' dir='ltr'><strong>ut</strong></span> <span class='ocrx_word' id='word_1_49' title='bbox 508 1013 780 1063; x_wconf 86' lang='lat' dir='ltr'><strong>affirmaret</strong></span> <span class='ocrx_word' id='word_1_50' title='bbox 805 1027 914 1062; x_wconf 92' lang='lat' dir='ltr'><strong>esse</strong></span> <span class='ocrx_word' id='word_1_51' title='bbox 939 1013 1012 1062; x_wconf 93' lang='lat' dir='ltr'><strong>illi</strong></span> <span class='ocrx_word' id='word_1_52' title='bbox 1037 1028 1233 1078; x_wconf 60' lang='lat' dir='ltr'><strong>parem..</strong></span> 
     </span>
     <span class='ocr_line' id='line_1_12' title="bbox 110 1081 1036 1147; baseline 0.001 -16"><span class='ocrx_word' id='word_1_53' title='bbox 110 1081 448 1147; x_wconf 82' lang='lat' dir='ltr'><strong>Interrogasse</strong></span> <span class='ocrx_word' id='word_1_54' title='bbox 476 1085 549 1132; x_wconf 86' lang='lat' dir='ltr'><strong>sic</strong></span> <span class='ocrx_word' id='word_1_55' title='bbox 573 1083 807 1147; x_wconf 87' lang='lat' dir='ltr'><strong>gallinam</strong></span> <span class='ocrx_word' id='word_1_56' title='bbox 832 1083 1036 1133; x_wconf 87' lang='lat' dir='ltr'><strong>dicitur:</strong></span> 
     </span>
    </p>

    <p class='ocr_par' dir='ltr' id='par_1_5' title="bbox 108 1152 1357 1429">
     <span class='ocr_line' id='line_1_13' title="bbox 108 1152 1141 1218; baseline 0.001 -16"><span class='ocrx_word' id='word_1_57' title='bbox 108 1152 197 1202; x_wconf 91' lang='lat' dir='ltr'><strong>Dic</strong></span> <span class='ocrx_word' id='word_1_58' title='bbox 222 1153 389 1211; x_wconf 91' lang='lat' dir='ltr'><strong>sodes,</strong></span> <span class='ocrx_word' id='word_1_59' title='bbox 418 1159 601 1218; x_wconf 87' lang='lat' dir='ltr'><strong>quanto</strong></span> <span class='ocrx_word' id='word_1_60' title='bbox 626 1155 787 1218; x_wconf 92' lang='lat' dir='ltr'><strong>possis</strong></span> <span class='ocrx_word' id='word_1_61' title='bbox 813 1155 985 1203; x_wconf 90' lang='lat' dir='ltr'><strong>satiari</strong></span> <span class='ocrx_word' id='word_1_62' title='bbox 1011 1153 1141 1204; x_wconf 87' lang='lat' dir='ltr'><strong>cibo.</strong></span> 
     </span>
     <span class='ocr_line' id='line_1_14' title="bbox 108 1222 1357 1289; baseline 0.001 -17"><span class='ocrx_word' id='word_1_63' title='bbox 108 1222 385 1289; x_wconf 89' lang='lat' dir='ltr'><strong>Respondit</strong></span> <span class='ocrx_word' id='word_1_64' title='bbox 409 1223 519 1273; x_wconf 89' lang='lat' dir='ltr'><strong>illa:</strong></span> <span class='ocrx_word' id='word_1_65' title='bbox 571 1222 817 1288; x_wconf 87' lang='lat' dir='ltr'><strong>Quicquid</strong></span> <span class='ocrx_word' id='word_1_66' title='bbox 843 1224 1068 1282; x_wconf 83' lang='lat' dir='ltr'><strong>dederiS‚</strong></span> <span class='ocrx_word' id='word_1_67' title='bbox 1096 1225 1216 1274; x_wconf 87' lang='lat' dir='ltr'><strong>satis</strong></span> <span class='ocrx_word' id='word_1_68' title='bbox 1242 1225 1357 1283; x_wconf 87' lang='lat' dir='ltr'><strong>erit,</strong></span> 
     </span>
     <span class='ocr_line' id='line_1_15' title="bbox 109 1292 1278 1359; baseline 0.001 -17"><span class='ocrx_word' id='word_1_69' title='bbox 109 1293 218 1351; x_wconf 90' lang='lat' dir='ltr'><strong>Sic,</strong></span> <span class='ocrx_word' id='word_1_70' title='bbox 244 1300 300 1344; x_wconf 93' lang='lat' dir='ltr'><strong>ut</strong></span> <span class='ocrx_word' id='word_1_71' title='bbox 325 1293 565 1343; x_wconf 86' lang='lat' dir='ltr'><strong>concedas</strong></span> <span class='ocrx_word' id='word_1_72' title='bbox 588 1293 803 1359; x_wconf 89' lang='lat' dir='ltr'><strong>pedibus</strong></span> <span class='ocrx_word' id='word_1_73' title='bbox 827 1292 1015 1357; x_wconf 85' lang='lat' dir='ltr'><strong>aliquid</strong></span> <span class='ocrx_word' id='word_1_74' title='bbox 1040 1293 1278 1359; x_wconf 85' lang='lat' dir='ltr'><strong>scalpere.</strong></span> 
     </span>
     <span class='ocr_line' id='line_1_16' title="bbox 109 1363 1313 1429; baseline 0 -16"><span class='ocrx_word' id='word_1_75' title='bbox 109 1363 182 1413; x_wconf 90' lang='lat' dir='ltr'><strong>Ne</strong></span> <span class='ocrx_word' id='word_1_76' title='bbox 209 1363 420 1429; x_wconf 84' lang='lat' dir='ltr'><strong>scalpaS,</strong></span> <span class='ocrx_word' id='word_1_77' title='bbox 448 1365 634 1429; x_wconf 89' lang='lat' dir='ltr'><strong>inquit,</strong></span> <span class='ocrx_word' id='word_1_78' title='bbox 663 1365 783 1414; x_wconf 91' lang='lat' dir='ltr'><strong>satis</strong></span> <span class='ocrx_word' id='word_1_79' title='bbox 809 1371 885 1413; x_wconf 90' lang='lat' dir='ltr'><strong>est</strong></span> <span class='ocrx_word' id='word_1_80' title='bbox 907 1364 1102 1413; x_wconf 90' lang='lat' dir='ltr'><strong>modius</strong></span> <span class='ocrx_word' id='word_1_81' title='bbox 1126 1365 1313 1414; x_wconf 76' lang='lat' dir='ltr'><strong>tritici?</strong></span> 
     </span>
    </p>
   </div>
   <div class='ocr_carea' id='block_1_5' title="bbox 108 1434 1467 1499">
    <p class='ocr_par' dir='ltr' id='par_1_6' title="bbox 108 1434 1467 1499">
     <span class='ocr_line' id='line_1_17' title="bbox 108 1434 1467 1499; baseline 0 -16"><span class='ocrx_word' id='word_1_82' title='bbox 108 1434 285 1492; x_wconf 90' lang='lat' dir='ltr'><strong>Plane,</strong></span> <span class='ocrx_word' id='word_1_83' title='bbox 312 1435 464 1483; x_wconf 88' lang='lat' dir='ltr'><strong>immo</strong></span> <span class='ocrx_word' id='word_1_84' title='bbox 489 1435 701 1483; x_wconf 90' lang='lat' dir='ltr'><strong>nimium</strong></span> <span class='ocrx_word' id='word_1_85' title='bbox 727 1439 826 1491; x_wconf 89' lang='lat' dir='ltr'><strong>est,</strong></span> <span class='ocrx_word' id='word_1_86' title='bbox 855 1434 942 1483; x_wconf 92' lang='lat' dir='ltr'><strong>sed</strong></span> <span class='ocrx_word' id='word_1_87' title='bbox 967 1436 1199 1499; x_wconf 86' lang='lat' dir='ltr'><strong>permitte</strong></span> <span class='ocrx_word' id='word_1_88' title='bbox 1224 1434 1467 1499; x_wconf 86' lang='lat' dir='ltr'><strong>scalpere.</strong></span> 
     </span>
    </p>
   </div>
   <div class='ocr_carea' id='block_1_6' title="bbox 107 1503 1382 1850">
    <p class='ocr_par' dir='ltr' id='par_1_7' title="bbox 107 1503 1382 1771">
     <span class='ocr_line' id='line_1_18' title="bbox 109 1503 1245 1569; baseline 0 -16"><span class='ocrx_word' id='word_1_89' title='bbox 109 1504 182 1554; x_wconf 84' lang='lat' dir='ltr'><strong>Ex</strong></span> <span class='ocrx_word' id='word_1_90' title='bbox 206 1510 334 1562; x_wconf 87' lang='lat' dir='ltr'><strong>toto,</strong></span> <span class='ocrx_word' id='word_1_91' title='bbox 361 1503 546 1569; x_wconf 88' lang='lat' dir='ltr'><strong>nequid</strong></span> <span class='ocrx_word' id='word_1_92' title='bbox 571 1504 787 1569; x_wconf 80' lang='lat' dir='ltr'><strong>scalpaS,</strong></span> <span class='ocrx_word' id='word_1_93' title='bbox 814 1504 936 1569; x_wconf 91' lang='lat' dir='ltr'><strong>quid</strong></span> <span class='ocrx_word' id='word_1_94' title='bbox 960 1504 1245 1553; x_wconf 76' lang='lat' dir='ltr'><strong>desideras?</strong></span> 
     </span>
     <span class='ocr_line' id='line_1_19' title="bbox 107 1574 1303 1639; baseline 0 -16"><span class='ocrx_word' id='word_1_95' title='bbox 107 1574 238 1623; x_wconf 88' lang='lat' dir='ltr'><strong>Tum</strong></span> <span class='ocrx_word' id='word_1_96' title='bbox 263 1574 476 1639; x_wconf 91' lang='lat' dir='ltr'><strong>denique</strong></span> <span class='ocrx_word' id='word_1_97' title='bbox 503 1574 588 1624; x_wconf 88' lang='lat' dir='ltr'><strong>illa</strong></span> <span class='ocrx_word' id='word_1_98' title='bbox 612 1575 743 1624; x_wconf 90' lang='lat' dir='ltr'><strong>fassa</strong></span> <span class='ocrx_word' id='word_1_99' title='bbox 768 1580 844 1624; x_wconf 91' lang='lat' dir='ltr'><strong>est</strong></span> <span class='ocrx_word' id='word_1_100' title='bbox 867 1580 1071 1625; x_wconf 89' lang='lat' dir='ltr'><strong>naturae</strong></span> <span class='ocrx_word' id='word_1_101' title='bbox 1096 1574 1303 1624; x_wconf 88' lang='lat' dir='ltr'><strong>malum:</strong></span> 
     </span>
     <span class='ocr_line' id='line_1_20' title="bbox 108 1643 1382 1709; baseline 0.001 -16"><span class='ocrx_word' id='word_1_102' title='bbox 108 1644 249 1694; x_wconf 89' lang='lat' dir='ltr'><strong>Licet</strong></span> <span class='ocrx_word' id='word_1_103' title='bbox 272 1644 505 1694; x_wconf 89' lang='lat' dir='ltr'><strong>horreum</strong></span> <span class='ocrx_word' id='word_1_104' title='bbox 529 1646 597 1693; x_wconf 92' lang='lat' dir='ltr'><strong>mi</strong></span> <span class='ocrx_word' id='word_1_105' title='bbox 622 1650 812 1709; x_wconf 88' lang='lat' dir='ltr'><strong>pateat,</strong></span> <span class='ocrx_word' id='word_1_106' title='bbox 841 1659 932 1709; x_wconf 87' lang='lat' dir='ltr'><strong>ego</strong></span> <span class='ocrx_word' id='word_1_107' title='bbox 958 1643 1173 1709; x_wconf 89' lang='lat' dir='ltr'><strong>scalpam</strong></span> <span class='ocrx_word' id='word_1_108' title='bbox 1197 1650 1382 1695; x_wconf 89' lang='lat' dir='ltr'><strong>tamen.</strong></span> 
     </span>
     <span class='ocr_line' id='line_1_21' title="bbox 107 1714 1036 1771; baseline 0.001 -8"><span class='ocrx_word' id='word_1_109' title='bbox 107 1714 296 1764; x_wconf 83' lang='lat' dir='ltr'><strong>Risisse</strong></span> <span class='ocrx_word' id='word_1_110' title='bbox 321 1714 443 1763; x_wconf 90' lang='lat' dir='ltr'><strong>Iuno</strong></span> <span class='ocrx_word' id='word_1_111' title='bbox 470 1714 654 1764; x_wconf 91' lang='lat' dir='ltr'><strong>dicitur</strong></span> <span class='ocrx_word' id='word_1_112' title='bbox 678 1714 884 1764; x_wconf 88' lang='lat' dir='ltr'><strong>Veneris</strong></span> <span class='ocrx_word' id='word_1_113' title='bbox 910 1717 1036 1771; x_wconf 83' lang='lat' dir='ltr'><strong>ioco,</strong></span> 
     </span>
    </p>

    <p class='ocr_par' dir='ltr' id='par_1_8' title="bbox 108 1782 1134 1850">
     <span class='ocr_line' id='line_1_22' title="bbox 108 1782 1134 1850; baseline 0 -16"><span class='ocrx_word' id='word_1_114' title='bbox 108 1782 234 1842; x_wconf 89' lang='lat' dir='ltr'><strong>Quia</strong></span> <span class='ocrx_word' id='word_1_115' title='bbox 258 1799 349 1850; x_wconf 90' lang='lat' dir='ltr'><strong>per</strong></span> <span class='ocrx_word' id='word_1_116' title='bbox 374 1784 605 1848; x_wconf 85' lang='lat' dir='ltr'><strong>gallinam</strong></span> <span class='ocrx_word' id='word_1_117' title='bbox 631 1784 881 1834; x_wconf 89' lang='lat' dir='ltr'><strong>denotavit</strong></span> <span class='ocrx_word' id='word_1_118' title='bbox 906 1786 1134 1835; x_wconf 82' lang='lat' dir='ltr'><strong>feminas,</strong></span> 
     </span>
    </p>
   </div>
   <div class='ocr_carea' id='block_1_7' title="bbox 699 1912 1116 1961">
    <p class='ocr_par' dir='ltr' id='par_1_9' title="bbox 699 1912 1116 1961">
     <span class='ocr_line' id='line_1_23' title="bbox 699 1912 1116 1961; baseline -0.005 0"><span class='ocrx_word' id='word_1_119' title='bbox 699 1912 1019 1961; x_wconf 85' lang='lat' dir='ltr'><strong>FABVLA</strong></span> <span class='ocrx_word' id='word_1_120' title='bbox 1054 1913 1116 1960; x_wconf 90' lang='lat' dir='ltr'><strong>X.</strong></span> 
     </span>
    </p>
   </div>
   <div class='ocr_carea' id='block_1_8' title="bbox 379 1993 1442 2114">
    <p class='ocr_par' dir='ltr' id='par_1_10' title="bbox 379 1993 1442 2114">
     <span class='ocr_line' id='line_1_24' title="bbox 379 1993 1442 2037; baseline 0 -2"><span class='ocrx_word' id='word_1_121' title='bbox 379 1993 957 2037; x_wconf 72' lang='lat' dir='ltr'><strong>PATERFAMILIAS</strong></span> <span class='ocrx_word' id='word_1_122' title='bbox 987 1994 1079 2035; x_wconf 79' lang='grc' dir='ltr'><strong>ΕΤ</strong></span> <span class='ocrx_word' id='word_1_123' title='bbox 1108 1993 1442 2036; x_wconf 78' lang='lat' dir='ltr'><strong>AESOPVS.</strong></span> 
     </span>
     <span class='ocr_line' id='line_1_25' title="bbox 403 2061 1415 2114; baseline 0 -10"><span class='ocrx_word' id='word_1_124' title='bbox 403 2061 643 2114; x_wconf 86' lang='lat' dir='ltr'><strong>Quomodo</strong></span> <span class='ocrx_word' id='word_1_125' title='bbox 673 2061 908 2104; x_wconf 76' lang='lat' dir='ltr'><strong>domanda.</strong></span> <span class='ocrx_word' id='word_1_126' title='bbox 936 2061 998 2104; x_wconf 75' lang='lat' dir='ltr'><strong>sit</strong></span> <span class='ocrx_word' id='word_1_127' title='bbox 1024 2061 1157 2105; x_wconf 81' lang='lat' dir='ltr'><strong>ferox</strong></span> <span class='ocrx_word' id='word_1_128' title='bbox 1185 2061 1415 2105; x_wconf 77' lang='lat' dir='ltr'><strong>iuventus,</strong></span> 
     </span>
    </p>
   </div>
   <div class='ocr_carea' id='block_1_9' title="bbox 106 2133 1336 2954">
    <p class='ocr_par' dir='ltr' id='par_1_11' title="bbox 106 2133 1336 2688">
     <span class='ocr_line' id='line_1_26' title="bbox 178 2133 1203 2184; baseline -0.001 0"><span class='ocrx_word' id='word_1_129' title='bbox 178 2135 538 2184; x_wconf 85' lang='lat' dir='ltr'><strong>Paterfamilias</strong></span> <span class='ocrx_word' id='word_1_130' title='bbox 565 2150 763 2184; x_wconf 88' lang='lat' dir='ltr'><strong>saevum</strong></span> <span class='ocrx_word' id='word_1_131' title='bbox 788 2133 1005 2184; x_wconf 90' lang='lat' dir='ltr'><strong>habehat</strong></span> <span class='ocrx_word' id='word_1_132' title='bbox 1031 2135 1203 2183; x_wconf 87' lang='lat' dir='ltr'><strong>filium.</strong></span> 
     </span>
     <span class='ocr_line' id='line_1_27' title="bbox 108 2205 1180 2270; baseline -0.001 -16"><span class='ocrx_word' id='word_1_133' title='bbox 108 2205 200 2254; x_wconf 90' lang='lat' dir='ltr'><strong>Hic</strong></span> <span class='ocrx_word' id='word_1_134' title='bbox 226 2221 252 2254; x_wconf 92' lang='lat' dir='ltr'><strong>e</strong></span> <span class='ocrx_word' id='word_1_135' title='bbox 279 2211 547 2270; x_wconf 89' lang='lat' dir='ltr'><strong>conspectu</strong></span> <span class='ocrx_word' id='word_1_136' title='bbox 572 2220 682 2254; x_wconf 91' lang='lat' dir='ltr'><strong>cum</strong></span> <span class='ocrx_word' id='word_1_137' title='bbox 708 2207 866 2269; x_wconf 91' lang='lat' dir='ltr'><strong>patris</strong></span> <span class='ocrx_word' id='word_1_138' title='bbox 890 2211 1180 2261; x_wconf 87' lang='lat' dir='ltr'><strong>recesserat,</strong></span> 
     </span>
     <span class='ocr_line' id='line_1_28' title="bbox 107 2274 1135 2339; baseline -0.001 -15"><span class='ocrx_word' id='word_1_139' title='bbox 107 2274 414 2324; x_wconf 84' lang='lat' dir='ltr'><strong>Verberibus</strong></span> <span class='ocrx_word' id='word_1_140' title='bbox 440 2290 609 2324; x_wconf 81' lang='lat' dir='ltr'><strong>servos</strong></span> <span class='ocrx_word' id='word_1_141' title='bbox 634 2274 883 2324; x_wconf 88' lang='lat' dir='ltr'><strong>afficiebat</strong></span> <span class='ocrx_word' id='word_1_142' title='bbox 906 2275 1135 2339; x_wconf 89' lang='lat' dir='ltr'><strong>plurimis</strong></span> 
     </span>
     <span class='ocr_line' id='line_1_29' title="bbox 107 2344 1147 2395; baseline 0 -1"><span class='ocrx_word' id='word_1_143' title='bbox 107 2345 171 2395; x_wconf 87' lang='lat' dir='ltr'><strong>Et</strong></span> <span class='ocrx_word' id='word_1_144' title='bbox 195 2345 459 2395; x_wconf 85' lang='lat' dir='ltr'><strong>exercebat</strong></span> <span class='ocrx_word' id='word_1_145' title='bbox 482 2345 724 2394; x_wconf 87' lang='lat' dir='ltr'><strong>fervidam</strong></span> <span class='ocrx_word' id='word_1_146' title='bbox 750 2344 1147 2394; x_wconf 90' lang='lat' dir='ltr'><strong>adolescentiam.</strong></span> 
     </span>
     <span class='ocr_line' id='line_1_30' title="bbox 109 2414 1189 2480; baseline -0.001 -16"><span class='ocrx_word' id='word_1_147' title='bbox 109 2417 331 2480; x_wconf 82' lang='lat' dir='ltr'><strong>Aesopus</strong></span> <span class='ocrx_word' id='word_1_148' title='bbox 355 2429 473 2479; x_wconf 86' lang='lat' dir='ltr'><strong>ergo</strong></span> <span class='ocrx_word' id='word_1_149' title='bbox 499 2422 669 2465; x_wconf 89' lang='lat' dir='ltr'><strong>narrat</strong></span> <span class='ocrx_word' id='word_1_150' title='bbox 692 2415 785 2464; x_wconf 93' lang='lat' dir='ltr'><strong>hoc</strong></span> <span class='ocrx_word' id='word_1_151' title='bbox 810 2414 1031 2464; x_wconf 87' lang='lat' dir='ltr'><strong>breviter</strong></span> <span class='ocrx_word' id='word_1_152' title='bbox 1056 2416 1189 2464; x_wconf 84' lang='lat' dir='ltr'><strong>seni:</strong></span> 
     </span>
     <span class='ocr_line' id='line_1_31' title="bbox 106 2483 1336 2549; baseline 0.001 -16"><span class='ocrx_word' id='word_1_153' title='bbox 106 2483 317 2542; x_wconf 87' lang='lat' dir='ltr'><strong>Quidam</strong></span> <span class='ocrx_word' id='word_1_154' title='bbox 341 2486 550 2534; x_wconf 87' lang='lat' dir='ltr'><strong>iuvenco</strong></span> <span class='ocrx_word' id='word_1_155' title='bbox 575 2485 794 2534; x_wconf 88' lang='lat' dir='ltr'><strong>vetulum</strong></span> <span class='ocrx_word' id='word_1_156' title='bbox 818 2485 1121 2549; x_wconf 88' lang='lat' dir='ltr'><strong>adiungebat</strong></span> <span class='ocrx_word' id='word_1_157' title='bbox 1146 2484 1336 2534; x_wconf 89' lang='lat' dir='ltr'><strong>bovem.</strong></span> 
     </span>
     <span class='ocr_line' id='line_1_32' title="bbox 108 2554 1108 2620; baseline 0.001 -17"><span class='ocrx_word' id='word_1_158' title='bbox 108 2554 156 2603; x_wconf 91' lang='lat' dir='ltr'><strong>Is</strong></span> <span class='ocrx_word' id='word_1_159' title='bbox 182 2570 294 2604; x_wconf 88' lang='lat' dir='ltr'><strong>cum</strong></span> <span class='ocrx_word' id='word_1_160' title='bbox 320 2555 574 2618; x_wconf 78' lang='lat' dir='ltr'><strong>refugiens</strong></span> <span class='ocrx_word' id='word_1_161' title='bbox 598 2557 764 2620; x_wconf 88' lang='lat' dir='ltr'><strong>inpari</strong></span> <span class='ocrx_word' id='word_1_162' title='bbox 790 2555 913 2604; x_wconf 93' lang='lat' dir='ltr'><strong>collo</strong></span> <span class='ocrx_word' id='word_1_163' title='bbox 938 2557 1108 2618; x_wconf 87' lang='lat' dir='ltr'><strong>iugum</strong></span> 
     </span>
     <span class='ocr_line' id='line_1_33' title="bbox 107 2623 1043 2688; baseline -0.001 -14"><span class='ocrx_word' id='word_1_164' title='bbox 107 2626 294 2674; x_wconf 86' lang='lat' dir='ltr'><strong>Aetatis</strong></span> <span class='ocrx_word' id='word_1_165' title='bbox 321 2630 581 2674; x_wconf 85' lang='lat' dir='ltr'><strong>excusaret</strong></span> <span class='ocrx_word' id='word_1_166' title='bbox 604 2627 737 2674; x_wconf 85' lang='lat' dir='ltr'><strong>vires</strong></span> <span class='ocrx_word' id='word_1_167' title='bbox 762 2623 1043 2688; x_wconf 86' lang='lat' dir='ltr'><strong>languidas:</strong></span> 
     </span>
    </p>

    <p class='ocr_par' dir='ltr' id='par_1_12' title="bbox 109 2693 1276 2890">
     <span class='ocr_line' id='line_1_34' title="bbox 109 2693 1257 2759; baseline 0.001 -16"><span class='ocrx_word' id='word_1_168' title='bbox 109 2693 217 2743; x_wconf 90' lang='lat' dir='ltr'><strong>Non</strong></span> <span class='ocrx_word' id='word_1_169' title='bbox 242 2700 318 2743; x_wconf 82' lang='lat' dir='ltr'><strong>est</strong></span> <span class='ocrx_word' id='word_1_170' title='bbox 342 2694 473 2759; x_wconf 90' lang='lat' dir='ltr'><strong>quod</strong></span> <span class='ocrx_word' id='word_1_171' title='bbox 497 2696 695 2752; x_wconf 89' lang='lat' dir='ltr'><strong>timeas,</strong></span> <span class='ocrx_word' id='word_1_172' title='bbox 723 2696 888 2759; x_wconf 91' lang='lat' dir='ltr'><strong>inquit</strong></span> <span class='ocrx_word' id='word_1_173' title='bbox 912 2695 986 2744; x_wconf 89' lang='lat' dir='ltr'><strong>illi</strong></span> <span class='ocrx_word' id='word_1_174' title='bbox 1012 2696 1257 2751; x_wconf 76' lang='lat' dir='ltr'><strong>rusticus:</strong></span> 
     </span>
     <span class='ocr_line' id='line_1_35' title="bbox 110 2764 1276 2822; baseline 0.001 -10"><span class='ocrx_word' id='word_1_175' title='bbox 110 2764 218 2813; x_wconf 91' lang='lat' dir='ltr'><strong>Non</strong></span> <span class='ocrx_word' id='word_1_176' title='bbox 242 2770 297 2813; x_wconf 92' lang='lat' dir='ltr'><strong>ut</strong></span> <span class='ocrx_word' id='word_1_177' title='bbox 320 2764 516 2813; x_wconf 85' lang='lat' dir='ltr'><strong>labores</strong></span> <span class='ocrx_word' id='word_1_178' title='bbox 542 2765 696 2822; x_wconf 85' lang='lat' dir='ltr'><strong>facio,</strong></span> <span class='ocrx_word' id='word_1_179' title='bbox 726 2765 813 2815; x_wconf 92' lang='lat' dir='ltr'><strong>sed</strong></span> <span class='ocrx_word' id='word_1_180' title='bbox 838 2770 894 2813; x_wconf 89' lang='lat' dir='ltr'><strong>ut</strong></span> <span class='ocrx_word' id='word_1_181' title='bbox 918 2767 1065 2814; x_wconf 87' lang='lat' dir='ltr'><strong>istum</strong></span> <span class='ocrx_word' id='word_1_182' title='bbox 1092 2765 1276 2822; x_wconf 86' lang='lat' dir='ltr'><strong>domes,</strong></span> 
     </span>
     <span class='ocr_line' id='line_1_36' title="bbox 113 2832 1243 2890; baseline 0.003 -9"><span class='ocrx_word' id='word_1_183' title='bbox 113 2832 203 2890; x_wconf 81' lang='lat' dir='ltr'><strong>Qui</strong></span> <span class='ocrx_word' id='word_1_184' title='bbox 227 2833 359 2882; x_wconf 91' lang='lat' dir='ltr'><strong>calce</strong></span> <span class='ocrx_word' id='word_1_185' title='bbox 387 2839 438 2883; x_wconf 90' lang='lat' dir='ltr'><strong>et</strong></span> <span class='ocrx_word' id='word_1_186' title='bbox 462 2849 618 2883; x_wconf 93' lang='lat' dir='ltr'><strong>cornu</strong></span> <span class='ocrx_word' id='word_1_187' title='bbox 642 2833 1012 2884; x_wconf 83' lang='lat' dir='ltr'><strong>multosreddit</strong></span> <span class='ocrx_word' id='word_1_188' title='bbox 1038 2833 1243 2884; x_wconf 78' lang='lat' dir='ltr'><strong>debiles·</strong></span> 
     </span>
    </p>

    <p class='ocr_par' dir='ltr' id='par_1_13' title="bbox 111 2902 1173 2954">
     <span class='ocr_line' id='line_1_37' title="bbox 111 2902 1173 2954; baseline 0.001 -2"><span class='ocrx_word' id='word_1_189' title='bbox 111 2902 171 2952; x_wconf 85' lang='lat' dir='ltr'><strong>Et</strong></span> <span class='ocrx_word' id='word_1_190' title='bbox 195 2909 248 2952; x_wconf 92' lang='lat' dir='ltr'><strong>tu</strong></span> <span class='ocrx_word' id='word_1_191' title='bbox 272 2905 371 2953; x_wconf 88' lang='lat' dir='ltr'><strong>nisi</strong></span> <span class='ocrx_word' id='word_1_192' title='bbox 396 2904 546 2953; x_wconf 89' lang='lat' dir='ltr'><strong>istum</strong></span> <span class='ocrx_word' id='word_1_193' title='bbox 569 2911 735 2954; x_wconf 86' lang='lat' dir='ltr'><strong>tecum</strong></span> <span class='ocrx_word' id='word_1_194' title='bbox 760 2904 953 2954; x_wconf 89' lang='lat' dir='ltr'><strong>assidue</strong></span> <span class='ocrx_word' id='word_1_195' title='bbox 982 2905 1173 2953; x_wconf 89' lang='lat' dir='ltr'><strong>detines</strong></span> 
     </span>
    </p>
   </div>
   <div class='ocr_carea' id='block_1_10' title="bbox 1661 319 1718 363">
    <p class='ocr_par' dir='ltr' id='par_1_14' title="bbox 1661 319 1718 363">
     <span class='ocr_line' id='line_1_38' title="bbox 1661 319 1718 363; baseline 0.018 -1"><span class='ocrx_word' id='word_1_196' title='bbox 1661 319 1718 363; x_wconf 83' lang='lat'><strong>30</strong></span> 
     </span>
    </p>
   </div>
   <div class='ocr_carea' id='block_1_11' title="bbox 1659 1510 1713 1552">
    <p class='ocr_par' dir='ltr' id='par_1_15' title="bbox 1659 1510 1713 1552">
     <span class='ocr_line' id='line_1_39' title="bbox 1659 1510 1713 1552; baseline 0 0"><span class='ocrx_word' id='word_1_197' title='bbox 1659 1510 1713 1552; x_wconf 88' lang='lat'><strong>10</strong></span> 
     </span>
    </p>
   </div>
   <div class='ocr_carea' id='block_1_12' title="bbox 1658 2770 1710 2814">
    <p class='ocr_par' dir='ltr' id='par_1_16' title="bbox 1658 2770 1710 2814">
     <span class='ocr_line' id='line_1_40' title="bbox 1658 2770 1710 2814; baseline -0.038 0"><span class='ocrx_word' id='word_1_198' title='bbox 1658 2770 1710 2814; x_wconf 83' lang='lat'><strong>10</strong></span> 
     </span>
    </p>
   </div>
  </div>
 </body>
</html>
