1940 3072
493 168 506 177 ⁴
595 211 598 214 ⁴
664 174 1079 249 sArlsmc'rm'

239 329 369 384 Non
392 347 633 383 meruere
658 329 834 400 simul,
859 331 964 384 hoc
987 330 1149 384 homo
1177 329 1390 400 quando
1415 329 1651 384 habeat?

170 400 343 470 Culpa
365 400 501 452 mihi
524 399 701 453 fuerat
730 400 976 454 dominos
1000 401 1222 454 reticere
1246 400 1516 454 modestos

237 469 599 541 Ignotumque
622 471 757 523 mihi
781 471 1011 524 scribere
1035 488 1136 524 nec
1159 470 1454 539 dominum,

61 550 118 592 95
145 539 330 604 Qualis
354 543 411 594 et
432 541 676 611 ingratos
702 541 943 610 sequitur
968 542 1061 610 qui
1084 544 1265 594 mente
1290 541 1522 610 profana

235 610 372 664 Cum
387 611 674 664 'dominum
697 614 900 664 norunt
923 611 1068 664 idola
1091 630 1235 664 uana
1261 611 1462 664 colunt.

168 680 571 734 Israhelitarum
594 681 856 751 populum
881 686 955 734 sic
982 682 1139 750 culpa
1161 681 1384 734 tenebat

239 749 464 814 Quando
490 751 648 804 deum
674 751 872 804 oblitus
897 752 1032 805 flans
1057 752 1292 804 uitulum
1317 752 1499 804 coluit.

165 820 277 875 Dat
298 824 480 874 tamen
504 821 791 892 indulgens
815 822 1030 875 ueniam
1055 822 1401 890 poscentibus
1428 825 1628 890 auctor,

62 901 145 943 100
241 889 299 945 Si
323 891 537 944 sceleris
561 892 693 945 facti
718 909 868 945 mens
893 903 985 945 rea
1007 892 1300 961 paeniteat.

0 1004 1 1009 ,
75 1033 83 1039 .
165 960 242 1014 Tc
280 980 492 1031 precor,
531 963 871 1031 omnipotens
882 1004 896 1032 ,
934 965 988 1015 te
1016 980 1173 1031 quem
1203 963 1355 1014 decet
1388 979 1499 1013 esse
1525 961 1673 1013 beni-

1283 1050 1415 1084 num

238 1101 407 1164 Quem
426 1092 545 1155 non
568 1102 679 1155 ulla
701 1103 853 1155 iuuat
877 1102 1012 1155 ultio
1039 1102 1131 1155 sed
1156 1048 1331 1170 uengia,

167 1171 332 1225 Cuius
357 1176 543 1225 sancta
567 1191 758 1225 manus
784 1175 1051 1225 sustentat
1076 1173 1237 1225 corda
1262 1175 1562 1241 regentum,

236 1241 311 1295 Et
333 1243 454 1311 pius
478 1243 707 1295 inclinas
732 1261 858 1296 mox
883 1243 1188 1312 ubicunque
1214 1243 1391 1295 iubes:

0 1300 8 1362 s
62 1321 143 1364 105
169 1311 246 1365 Τ6
266 1330 447 1365 coram
466 1313 700 1381 primum
725 1331 810 1366 me
837 1313 1086 1366 carminis
1112 1313 1257 1365 illius
1283 1330 1415 1365 ausu

241 1383 395 1445 Quod
420 1383 558 1435 male
584 1383 822 1452 disposui
846 1383 1086 1452 paenitet
1111 1386 1164 1436 et
1187 1383 1379 1436 fateor.

165 1452 299 1506 Post
321 1456 391 1522 te,
418 1471 622 1506 summe
648 1453 791 1523 deus,
817 1453 934 1524 regi
960 1453 1283 1522 dominoque
1308 1471 1430 1505 reus
1456 1470 1573 1504 sum

238 1522 402 1577 Cuius
428 1525 494 1576 ab
520 1524 745 1593 imperio
771 1541 933 1593 posco
961 1541 1182 1594 gemens
1209 1523 1440 1576 ueniam.

164 1592 400 1662 Imperet
424 1597 627 1647 armato
653 1595 826 1663 pietas
850 1597 958 1663 tua,
985 1612 1247 1663 prospera
1276 1593 1495 1645 mandet

63 1674 145 1715 110
239 1663 355 1716 Rex
381 1663 734 1732 dominusque
758 1683 908 1717 meus
935 1682 1145 1733 semper
1169 1665 1368 1732 ubique
1393 1663 1539 1731 pius:

90 1764 92 1766 v
165 1733 281 1787 Nec
304 1734 439 1786 mihi
464 1734 735 1787 dissimilis
761 1753 922 1803 quam
948 1735 1090 1804 quod
1118 1735 1255 1787 solet
1280 1751 1394 1786 esse
1421 1733 1649 1786 cateruis

238 1803 321 1857 Sit
343 1804 543 1873 pietate
569 1823 679 1874 sua,
707 1805 776 1857 sit
800 1806 974 1858 bonus
999 1808 1053 1857 et
1076 1805 1334 1873 placidus,

165 1873 309 1928 Nam
345 1878 439 1927 tua
473 1878 600 1927 sunt
633 1893 981 1944 quaecunque
1026 1876 1167 1944 gerit
1202 1891 1550 1943 quaecunque
1594 1874 1672 1926 iu-

235 2014 605 2084 Iudiciumque
632 2015 716 2067 dei
741 2015 890 2084 regia
914 2018 1078 2068 uerba
1102 1945 1417 2067 ferunltffbm

0 2106 7 2153 s
54 2094 143 2136 -115
167 2083 408 2138 Exorent
433 2086 563 2138 haec
587 2103 757 2154 pauca
782 2085 940 2138 deum
966 2086 1057 2154 qui
1083 2086 1278 2138 mentis
1305 2086 1520 2153 opertae

238 2153 492 2209 Sensibus
518 2157 768 2208 aetheriis
795 2156 1010 2209 condita
1035 2159 1163 2208 uota
1187 2155 1351 2208 uidet.

166 2225 254 2277 Ad
277 2229 330 2278 te
355 2243 516 2294 nunc,
542 2227 806 2295 princeps,
833 2244 952 2278 mea
970 2226 1091 2278 uela
1115 2229 1398 2294 retorqueo
1422 2224 1668 2294 supplex,

237 2295 460 2348 Pectore
485 2300 664 2349 mente
690 2314 886 2367 rogans
912 2314 1044 2349 uoce
1069 2313 1338 2365 manuque
1363 2298 1579 2364 petens:

166 2364 252 2418 Da
277 2365 515 2418 dextram
539 2367 759 2436 misero,
786 2367 1000 2419 ueniam
1027 2366 1256 2419 concede
1281 2367 1539 2435 precanti,

0 2480 17 2508 L
62 2445 145 2486 120
242 2435 504 2505 Tempore
529 2440 641 2489 tam
667 2438 832 2507 longo
858 2452 969 2489 non
996 2436 1146 2489 decet
1170 2437 1250 2489 ira
1274 2437 1438 2505 pium.

0 2572 9 2636 ἓ,

203 2607 258 2647 94
295 2605 371 2647 1161
409 2606 636 2647 dominum
671 2621 792 2661 quam
822 2610 951 2659 posui
988 2607 1202 2648 Sz'rmondi
1239 2609 1361 2647 lectio
1400 2607 1450 2646 ab
1483 2607 1672 2648 Areualo

0 2656 14 2716 ζ
59 2669 238 2714 recepta
271 2676 424 2715 parum
458 2666 617 2716 placet.
667 2667 771 2704 latet
805 2665 995 2715 fortasse
1035 2677 1180 2704 nomen
1217 2664 1439 2715 proprium
1484 2663 1551 2703 uel
1589 2674 1674 2702 ceu

0 2773 2 2781 ι

0 2812 4 2826 k

117 2719 174 2759 95
202 2718 440 2771 prophana
557 2721 611 2760 96
643 2721 796 2761 norint
825 2722 1077 2772 interpolati
1103 2725 1145 2759 et
1175 2720 1388 2759 Areuazus
1528 2719 1581 2758 99
1611 2719 1674 2758 Et

40 2777 214 2815 ‘tamen
251 2787 364 2815 corr.
396 2775 556 2816 Bueeh.
589 2774 595 2828 Ι
628 2776 842 2829 indulges
875 2777 1099 2816 Areualus.
1136 2774 1379 2828 indulgens
1418 2776 1542 2815 etiam
1579 2773 1674 2815 Sir-

0 2848 6 2853 *
60 2831 188 2870 mend
303 2831 382 2872 105
420 2831 558 2871 ullius
596 2845 708 2874 corr.
738 2833 954 2873 Areualus
985 2845 1042 2872 ea:
1072 2832 1342 2883 interpolatis
1384 2829 1390 2881 ἰ
1430 2843 1536 2871 orsa
1575 2829 1670 2871 Sir-

58 2886 185 2981 rgqnd
233 2943 264 2983 d
299 2887 379 2928 112
414 2892 498 2928 tua
530 2887 744 2929 Areualus
779 2902 862 2929 sua
899 2889 1022 2929 eciam
1060 2887 1260 2928 Sirmond
1384 2889 1463 2928 119
1505 2886 1674 2928 fatenti

0 2958 9 3011 ἰ
96 2954 229 2983 armon

1274 3009 1335 3053 6*
