1940 3072
137 253 395 321 urguetur
435 268 592 303 cursu
630 249 782 301 rutili
821 249 986 302 caniS.
1060 250 1149 301 ille
1188 266 1284 318 per
1323 249 1567 302 aethram

23 340 107 380 750
141 326 327 395 effugit
364 325 681 390 instantem,
719 324 918 391 premit
957 326 1138 375 autem
1178 321 1347 376 Sirius
1388 341 1493 377 ore.

141 400 372 452 auritum
411 398 599 467 primis
640 397 843 450 emittit
881 413 1076 467 gurges
1119 397 1185 449 ab
1226 397 1382 450 undis
1391 439 1405 466 ,

139 474 230 525 ille
271 473 453 525 minax
491 471 748 540 pauidum
788 490 948 540 super
987 470 1162 524 editur
1202 474 1257 523 et
1294 472 1482 539 procul
1521 471 1688 541 idem,

140 566 260 599 cum
298 548 449 614 lepus
491 545 768 598 occiduum
813 563 927 598 sese
965 545 1248 597 inclinauit
1286 546 1344 597 in
1385 563 1605 614 aequor,

139 639 287 674 more
325 621 656 672 latebrarum
695 622 940 687 repetens
978 619 1141 688 freta,
1183 617 1349 672 Sirius
1391 620 1501 672 alto

24 709 107 749 755
142 694 327 746 defluit
365 694 433 746 ab
474 693 622 746 caelo
663 711 1002 761 mersumque
1041 710 1137 761 per
1177 693 1358 745 umida
1396 693 1620 762 quaerit.

213 767 446 837 Magnus
484 767 759 820 Iasoniam
798 767 967 820 cauda
1005 766 1154 820 canis
1196 767 1431 820 extrahit
1470 766 1641 836 Argo

140 860 317 911 puppe
357 843 732 910 refulgentem.
808 859 981 910 neque
1023 841 1163 893 enim
1206 859 1262 893 se
1302 840 1560 894 Thessala
1599 841 1793 893 cumba

143 917 377 969 solemne
417 917 473 968 in
511 915 703 968 faciem
743 918 921 968 rostro
961 919 1158 968 mouet.
1235 916 1433 967 extima
1471 915 1669 983 puppis

142 993 367 1060 surgunt
407 989 621 1042 Oceano
630 1031 643 1057 ‚
683 990 834 1042 uelut
873 989 983 1041 alto
1025 1008 1056 1042 a
1095 990 1308 1059 gurgite
1346 992 1564 1059 nautae,

25 1079 108 1119 760
143 1083 262 1116 cum
301 1066 516 1132 portum
555 1066 798 1130 tenuere,
838 1063 981 1116 auidi
1019 1063 1308 1116 uolitantia
1346 1063 1544 1131 raptim

144 1139 324 1207 sipara
363 1140 683 1190 conuertunt
720 1140 1039 1206 tergumque
1078 1137 1301 1189 incurua
1338 1137 1558 1189 remulsi

142 1212 305 1264 litora
345 1212 591 1264 certatim
633 1212 863 1263 subeunt
902 1211 1077 1264 simul.
1154 1212 1250 1263 illa
1290 1211 1525 1264 marinas

142 1285 249 1337 iam
290 1286 542 1338 defuncta
580 1286 696 1338 uias
736 1286 923 1354 procul
962 1285 1057 1336 imi
1096 1285 1271 1338 litoris
1311 1286 1464 1356 algas

143 1377 282 1427 pone
323 1360 471 1412 subit
509 1362 813 1427 terramque
850 1362 1043 1411 tenens
1086 1378 1271 1412 secura
1311 1359 1549 1428 quiescit.

27 1446 109 1487 765
144 1434 219 1485 sic
258 1433 406 1502 Argo
450 1433 669 1485 rutilam
708 1437 922 1485 tantum
961 1433 1102 1485 inter
1143 1433 1317 1486 sidera
1355 1433 1580 1502 puppim

143 1507 289 1558 ducit
330 1510 383 1558 et
422 1507 660 1559 occultat
697 1506 872 1575 rigido
912 1510 1069 1559 tenus
1112 1508 1282 1560 altera
1321 1507 1479 1559 malo.

144 1583 334 1648 sponte
374 1581 757 1649 gubernaclum
797 1581 991 1648 puppis
1032 1581 1268 1633 demittit
1306 1581 1363 1632 in
1403 1581 1571 1632 undas

144 1655 335 1706 celsior
375 1673 435 1707 ac
474 1672 651 1706 merso
693 1654 967 1707 descendit
1005 1655 1063 1706 in
1103 1673 1336 1724 aequora
1376 1655 1547 1708 clauo·

220 1728 527 1780 Distantem
567 1728 961 1781 Andromedam
1000 1729 1196 1797 prolixi
1235 1729 1451 1781 tramite
1492 1728 1678 1780 mundi

28 1816 110 1855 770
143 1805 407 1869 perterret
446 1805 635 1854 cetos.
711 1820 838 1854 nam
878 1802 1109 1854 Threicii
1147 1821 1314 1871 prope
1352 1803 1523 1854 flabra

146 1875 545 1928 Andromedam
585 1876 780 1928 boreae
820 1877 961 1928 celso
1001 1879 1147 1928 rotat
1186 1876 1400 1929 aethere
1440 1876 1622 1945 cardO,

147 1950 306 2001 belua
346 1950 461 2000 dira
499 1952 630 2002 noto
670 1950 907 2018 uehitur,
946 1950 1115 2003 trahit
1156 1954 1334 2002 auster
1373 1951 1428 2003 in
1469 1953 1655 2002 arcton

267 2085 349 2123 749
398 2081 622 2136 urguetur
669 2080 713 2123 V
753 2081 946 2136 urgetur
985 2080 1030 2123 A
1070 2081 1300 2137 Vergetur
1338 2081 1382 2123 L
1426 2082 1440 2137 ΙΙ
1487 2081 1699 2124 aethram
1749 2080 1832 2123 VA

147 2139 309 2182 aethra
348 2140 544 2183 correxit
576 2139 619 2181 L
743 2144 826 2182 750
864 2139 1026 2195 effugit
1066 2140 1152 2183 VA
1185 2139 1402 2183 Voluitur
1432 2140 1474 2182 L
1504 2141 1519 2196 ΙΙ
1551 2142 1705 2183 autem
1748 2140 1832 2182 VA

147 2198 283 2253 igneo
325 2198 367 2240 L
406 2199 463 2252 ef.
500 2198 686 2241 Hermes
722 2198 878 2240 XIII
906 2212 955 2253 p.
991 2202 1080 2243 359
1120 2214 1165 2243 oz.
1199 2202 1260 2243 38
1383 2203 1465 2242 752
1507 2213 1644 2254 super
1681 2198 1835 2242 editur

156 2256 241 2299 VA
274 2258 329 2311 cf.
364 2257 550 2300 Hermes
585 2257 731 2299 XIII
748 2271 797 2315 p.
833 2261 924 2301 365
954 2272 999 2301 oi.
1033 2262 1091 2302 49
1176 2273 1220 2301 u.
1254 2262 1345 2302 756
1374 2259 1644 2301 inscribitur
1667 2256 1831 2301 ARGO

156 2315 199 2356 V
197 2316 240 2357 A
364 2320 445 2359 ’757
489 2317 656 2359 cumba
697 2316 740 2358 V
773 2330 936 2359 manus
960 2321 985 2359 1
1020 2317 1063 2360 A
1097 2317 1263 2373 cymba
1302 2318 1497 2361 correxit
1533 2330 1697 2360 manus
1726 2320 1757 2361 2
1788 2318 1833 2360 A

150 2379 232 2418 758
267 2374 470 2418 solemne
504 2374 589 2417 VA
623 2375 799 2418 solenni
830 2389 855 2418 v
880 2376 895 2430 ΙΙ
917 2379 1067 2419 rostro
1092 2377 1315 2419 Heinsius
1339 2377 1462 2419 ostro
1498 2375 1582 2418 VA
1656 2380 1736 2419 761
1764 2375 1832 2418 in-

148 2446 289 2476 curua
320 2434 364 2476 A
405 2433 453 2476 in
493 2446 634 2476 curua
675 2434 717 2476 V
750 2435 765 2489 ΙΙ
803 2435 991 2477 remulsi
1026 2436 1193 2488 scripsi
1224 2436 1278 2489 cf.
1314 2435 1501 2478 Hermes
1537 2434 1639 2477 XV
1659 2448 1707 2490 p.
1743 2438 1832 2478 184

146 2506 193 2534 sn.
227 2496 284 2535 55
316 2493 519 2536 remulco
563 2492 679 2535 VAe
755 2497 840 2536 764
874 2493 1073 2548 quiescit
1113 2494 1156 2536 V
1183 2494 1392 2549 quiescat
1423 2495 1467 2536 A
1532 2497 1615 2537 765
1649 2495 1832 2536 tantum

148 2550 253 2604 (tm)
286 2565 306 2593 e
338 2552 519 2595 tantam
555 2551 638 2594 VA
662 2553 676 2607 ΙΙ
708 2553 899 2607 puppim
927 2554 971 2595 A
1003 2552 1120 2609 pupi
1156 2553 1198 2594 V
1286 2557 1369 2596 766
1402 2552 1531 2595 ducit
1563 2555 1610 2596 et
1632 2553 1834 2595 Buhlius

149 2610 334 2652 ducitur
375 2610 459 2652 VA
556 2615 639 2654 767
673 2610 1005 2666 gubernaclum
1038 2613 1083 2655 A
1115 2611 1476 2667 gubernaculum
1519 2611 1561 2653 V
1581 2613 1595 2667 ΙΙ
1627 2610 1834 2654 demittit

149 2668 393 2712 Schraderi
425 2671 768 2713 commentarius
792 2670 995 2713 Beroliii.
1031 2671 1229 2714 dimittit
1262 2671 1343 2713 VA
1466 2685 1510 2714 u.
1546 2674 1633 2714 769
1670 2671 1831 2713 inscri-

150 2727 272 2770 bitur
305 2727 493 2771 CETOS
536 2728 580 2770 V
607 2730 734 2771 cetus
766 2728 811 2771 A
934 2734 1016 2773 770
1049 2732 1175 2773 cetos
1210 2731 1254 2772 A
1288 2733 1411 2773 ectos
1454 2729 1529 2784 VH
1554 2728 1756 2772 Threicii
1786 2729 1831 2771 A

150 2785 318 2828 Treicii
360 2786 403 2828 V
484 2792 565 2831 ’771
599 2787 767 2830 boreae
800 2788 844 2830 A
877 2789 1045 2846 boi-aee
1088 2788 1131 2830 V
1156 2790 1171 2844 ΙΙ
1203 2789 1339 2832 cardo
1382 2789 1424 2831 V
1452 2788 1591 2830 carda
1622 2788 1665 2829 A
1748 2791 1830 2831 772

151 2845 306 2886 auster
336 2845 383 2886 in
417 2848 577 2889 arcton
611 2846 799 2890 Grotius
830 2848 1001 2890 austeri
1034 2850 1168 2890 norto
1207 2847 1250 2890 V
1278 2849 1431 2891 auster
1462 2846 1510 2889 in
1543 2846 1643 2890 orto
1676 2846 1721 2889 A
