1940 3072
0 308 107 349 1710

0 679 107 720 [715

0 1051 107 1092 [720

0 1422 107 1464 1725

0 1794 109 1835 1730

804 101 1168 154 „70-

139 238 260 273 cum
299 220 547 288 proprias
588 220 780 274 sollers
820 219 972 272 sedes
1011 218 1238 272 formica
1275 218 1556 289 relinquet.

140 312 242 347 oua
283 294 430 347 cauis
470 293 638 348 ecfert
673 293 1038 363 penetralibus
1048 335 1062 362 ,
1102 311 1295 362 aspera
1334 294 1532 362 quippe

138 371 433 437 tempestas
473 368 789 438 gelidusque
830 368 942 421 dies
982 370 1037 420 et
1074 367 1307 437 frigidus
1347 368 1563 437 aether3

137 442 328 496 inserit
365 442 592 495 internis
631 445 901 496 terrarum
941 441 1157 495 sedibus
1197 444 1394 495 aestus.

137 519 360 586 pectora
400 535 522 570 cum
561 535 725 571 curuo
764 520 965 586 purgat
1003 516 1270 586 gallinula
1308 519 1512 586 rostr0,

139 591 354 662 agmine
395 609 517 645 cum
555 591 723 644 denso
766 590 1197 644 circumuolitare
1238 590 1452 643 uidetur

140 666 392 735 graculus
432 668 487 718 et
524 666 676 718 tenui
714 683 834 718 cum
877 664 1114 718 stridunt
1151 667 1371 735 gutture
1411 665 1584 735 corui3

140 758 260 793 cum
299 757 526 808 procera
565 740 742 793 salum
781 739 981 808 repetit
1020 739 1271 809 clangore
1311 738 1584 809 frequenti

140 814 322 883 ardea,
362 833 483 867 cum
521 832 723 885 paruae
763 813 1006 883 defigunt
1046 813 1254 882 spicula
1292 831 1509 867 muscae

140 891 194 942 et
234 888 279 941 si
317 889 600 942 nocturnis
641 887 956 941 ardentibus
994 888 1232 957 undique
1271 888 1428 940 testis

139 966 488 1016 concrescant
525 963 704 1033 fungi,
746 963 792 1015 si
829 962 1064 1015 flammis
1106 962 1301 1015 emicet
1338 963 1481 1031 ignis

139 1036 330 1090 effluus
371 1040 465 1090 aut
503 1037 639 1090 lucis
682 1037 991 1090 substantia
1029 1036 1289 1106 langueat
1326 1037 1494 1090 ultro:

140 1111 395 1164 conuenit
433 1113 701 1164 instantes
741 1128 1094 1180 praenoscere
1134 1111 1383 1178 protinus
1423 1111 1639 1164 imbres

140 1185 367 1255 denique
408 1204 530 1238 cum
569 1186 818 1254 patulum
856 1189 1068 1239 torrens
1107 1183 1385 1238 Vulcanus
1426 1185 1655 1238 ahenum

140 1260 403 1313 scintillas
443 1260 664 1312 flamma
704 1260 1124 1313 circumlabente
1163 1259 1446 1330 relinquit3

142 1335 188 1387 si
227 1337 389 1388 notus
429 1334 701 1387 humentis
742 1334 945 1403 Libyco
987 1335 1092 1386 ciet
1130 1334 1346 1386 aethere
1384 1334 1556 1387 nubes

142 1409 254 1461 siue
292 1409 462 1461 imum
503 1409 570 1461 ad
600 1411 844 1461 montem
882 1408 1204 1461 nebularum
1245 1426 1456 1462 crassus
1497 1407 1727 1461 amictus

139 1482 416 1552 tendatur,
456 1501 666 1535 summo
705 1483 978 1535 nudentur
1015 1483 1216 1534 uertice
1257 1500 1410 1551 saxa3

142 1560 195 1610 et
233 1575 340 1625 qua
378 1559 577 1625 pontus
617 1558 749 1609 item
787 1557 929 1609 freta
966 1574 1062 1625 per
1101 1556 1337 1609 distenta
1375 1556 1623 1626 quiescit,

139 1631 326 1683 nubila
367 1631 414 1683 si
452 1632 618 1701 longo
662 1648 719 1684 se
758 1631 1174 1700 procumbentia
1211 1633 1392 1683 tractu

142 1704 466 1758 diffundunt:
507 1705 659 1759 caelo
700 1707 753 1758 et
793 1704 1010 1757 Thetidi
1048 1705 1318 1775 terrisque
1357 1704 1564 1774 supinis

142 1798 249 1848 pax
289 1779 485 1848 aderit,
523 1798 793 1848 nusquam
833 1779 1032 1832 mundo
1071 1782 1192 1831 ruet
1232 1778 1422 1832 effluus
1462 1779 1648 1832 imber.

219 1853 322 1906 Sed
364 1872 484 1906 cum
522 1853 820 1923 tranquillo
862 1854 1158 1906 tenduntur
1197 1854 1343 1906 clara
1382 1871 1574 1907 serena

143 1929 240 1981 sub
281 1927 431 1996 Ioue,
471 1931 732 1980 uenturae
772 1945 1126 1996 praenoscere
1167 1928 1325 1997 signa
1363 1928 1631 1996 procellae

263 2064 377 2103 1710
420 2073 510 2103 oua
548 2073 574 2103 v
609 2059 801 2115 Quaque
833 2058 879 2102 A
920 2058 1022 2112 Qua
1060 2072 1082 2103 e
1119 2061 1135 2115 ΙΙ
1175 2058 1320 2103 ecfert
1356 2059 1524 2113 scripsi
1562 2059 1620 2113 cf.
1653 2057 1842 2103 Hermes

144 2118 294 2162 XIII
319 2133 371 2174 p.
413 2121 503 2163 362
541 2133 585 2163 n.
629 2121 687 2162 44
729 2117 863 2162 effert
900 2119 945 2161 A
984 2119 1101 2162 haec
1139 2118 1230 2162 fert
1267 2131 1290 2161 e
1413 2122 1526 2161 1712
1569 2117 1756 2162 sedibus
1796 2118 1842 2160 A

141 2178 319 2222 reditus
351 2192 373 2221 e
406 2178 463 2232 cf.
490 2178 679 2221 Hermes
706 2177 810 2220 XV
829 2191 879 2234 p.
912 2180 1005 2222 182
1036 2192 1082 2221 n.
1109 2180 1169 2223 52
1259 2180 1373 2221 1715
1405 2176 1623 2233 graculus
1654 2191 1676 2221 e
1701 2175 1842 2221 Grac-

144 2237 309 2280 chulus
340 2237 386 2279 A
491 2241 604 2280 1716
637 2236 856 2293 clangore
889 2251 910 2280 e
940 2237 1135 2293 langore
1168 2237 1212 2279 A
1311 2241 1424 2280 1717
1457 2237 1600 2280 ardea
1631 2250 1653 2279 e
1683 2235 1843 2280 Ardua

142 2295 189 2339 A
313 2301 426 2339 1719
477 2299 778 2340 concrescant
821 2294 1012 2340 Grotius
1051 2294 1367 2340 Concrescunt
1405 2296 1451 2339 A
1574 2300 1686 2339 1721
1737 2309 1842 2339 con-

143 2355 275 2398 uenit
306 2368 327 2398 e
360 2354 476 2398 Cum
507 2357 649 2399 uento
674 2355 719 2398 A
742 2356 759 2411 ΙΙ
788 2354 1001 2411 protinus
1032 2368 1054 2398 e
1084 2355 1270 2411 proxim
1301 2355 1403 2410 (del.
1427 2354 1490 2410 A)
1523 2354 1735 2411 protinus
1760 2354 1804 2398 A
1827 2353 1842 2411 Η

143 2415 315 2458 imbres
349 2428 370 2458 e
401 2413 551 2458 imber
582 2413 628 2457 A
753 2419 866 2458 1722
898 2415 1081 2458 torrens
1113 2427 1139 2457 v
1171 2415 1319 2458 torret
1348 2414 1429 2457 Ae
1451 2415 1467 2470 ss
1490 2414 1693 2457 ahenum
1723 2426 1750 2458 v
1782 2414 1843 2456 ah

143 2473 244 2527 (del.
279 2474 342 2530 A)
382 2474 585 2532 ahenum
615 2473 662 2516 A
703 2487 873 2517 aenum
903 2487 925 2517 e
1048 2477 1163 2517 1724
1203 2472 1437 2516 humentis
1469 2487 1491 2517 e
1519 2473 1768 2517 humentes
1797 2473 1844 2515 A

149 2536 262 2575 1725
305 2531 404 2576 siue
443 2533 590 2575 imum
630 2532 821 2576 Grotius
860 2532 901 2575 si
938 2531 1118 2575 nimum
1156 2533 1203 2575 A
1240 2533 1256 2588 11
1294 2532 1491 2576 amictus
1531 2545 1554 2576 e
1592 2531 1767 2575 amictu
1797 2532 1843 2575 A

149 2594 263 2634 1728
296 2590 650 2647 procumbentia
680 2605 701 2635 e
733 2605 901 2647 copum
929 2590 1082 2635 bretia
1105 2591 1150 2634 A
1215 2595 1328 2635 1729
1355 2591 1486 2635 caelo
1510 2591 1558 2635 et
1582 2590 1774 2635 Thetidi
1795 2591 1841 2634 A

148 2650 276 2694 caelo
294 2649 486 2694 Thetidi
505 2650 693 2695 Grotius
711 2651 768 2705 cf.
783 2650 972 2694 Hermes
987 2649 1039 2693 X
1046 2650 1124 2693 VI
1127 2664 1178 2707 p.
1193 2653 1283 2694 134
1298 2665 1343 2694 n.
1359 2653 1422 2695 98
1455 2655 1570 2694 1730
1586 2663 1678 2706 pax
1694 2649 1843 2694 aderit

147 2723 373 2763 nusquam
408 2723 430 2753 e
459 2710 613 2764 pando
646 2723 761 2753 anus
794 2722 934 2765 quam
965 2710 1011 2753 A
1084 2714 1187 2765 post
1215 2723 1261 2754 u.
1294 2713 1416 2754 1730
1447 2710 1615 2754 lineam
1645 2722 1843 2753 uacuam

144 2767 280 2811 habet
306 2768 351 2810 A
446 2773 557 2812 1731
593 2767 720 2812 clara
751 2767 995 2812 Schraderi
1026 2769 1373 2813 commentarius
1396 2768 1547 2813 Berol.
1582 2768 1735 2811 castra
1758 2767 1803 2811 A
1826 2766 1842 2825 Η

148 2839 312 2870 serena
342 2841 364 2870 e
389 2840 547 2871 sereno
572 2828 618 2871 A
713 2831 824 2872 1732
852 2827 936 2872 sub
960 2827 1070 2872 Ioue
1095 2829 1320 2879 uenturae
1344 2842 1366 2872 e
1389 2827 1522 2872 subia
1544 2827 1772 2872 uenentur
1795 2827 1842 2870 A

1860 307 1928 343 385

1861 679 1928 713 390

1861 1049 1928 1084 395

1861 1421 1930 1454 400

1863 1791 1930 1826 405
