1940 3072
263 137 330 189 16
460 124 473 128 ”
869 101 1340 179 eouraoussasm
1473 119 1503 138 ⁷

367 261 639 315 Sollicitus
663 259 862 321 multos
886 259 1081 312 metuit
1105 276 1265 327 quem
1287 260 1446 312 turba
1471 241 1728 360 meretur,
1771 271 1785 311 μ
1824 262 1829 273 ”
1858 269 1862 272 ’

370 330 718 384 Circumdant
741 328 945 398 famuli,
971 329 1151 397 plures
1177 329 1446 397 stipantur
1470 329 1642 384 amici.
1890 350 1894 357 “
1915 334 1931 344 “

266 413 347 452 180
371 401 572 453 Diuitis
593 399 848 468 obSequio
870 399 1142 452 concurrit
1164 401 1323 451 turba
1340 391 1611 468 clientum,

368 470 455 524 Sic
481 471 583 522 iter
607 472 822 538 aptatur
846 469 934 520 uel
959 469 1216 527 transitus
1241 469 1332 521 ille
1367 475 1604 539 paratur,

368 540 581 592 Audeat
604 544 666 592 ut
689 539 869 591 nullus
894 539 1000 591 hoc
1023 532 1398 607 praetereunte
1422 540 1623 597 uenire.

338 738 610 797 Quaestio:
644 737 719 789 At
740 736 972 804 inquies:
1006 735 1098 789 sed
1120 737 1300 804 potest
1322 751 1579 790 uenenum
1601 750 1804 806 pauper
1827 781 1840 786 ⁴
1872 710 1881 789 γ.

546 810 708 863 diuiti
731 811 936 863 secreta
960 811 1267 878 obreptione
1292 825 1596 878 supponere.

369 939 529 990 Tetra
552 955 761 990 uenena
786 938 906 990 11661
930 938 1102 1005 pretio
1129 938 1328 990 maiore
1357 941 1613 1006 parantur

367 1008 441 1061 Et
463 1026 659 1060 munus
685 1010 885 1060 secreta
908 1008 1081 1060 fouet:
1110 1008 1227 1076 quis
1253 1008 1495 1061 conscius
1520 1026 1758 1077 unquam

268 1089 345 1129 185
370 1079 720 1146 Incorruptus
747 1078 870 1145 erit,
899 1078 990 1146 qui
1015 1096 1127 1130 non
1152 1079 1221 1130 sit
1246 1082 1388 1130 sorte
1414 1078 1718 1147 redemptus
1895 1130 1898 1131 γ

372 1147 638 1209 Quantam
654 1148 802 1212 diues
821 1147 998 1215 habet,
1011 1151 1265 1216 quantam
1275 1166 1374 1200 1166
1393 1166 1597 1216 pauper
1613 1148 1869 1202 habebit?

370 1217 521 1270 Adde
549 1218 691 1286 quod
712 1218 901 1269 infelix
925 1236 1130 1286 pauper
1155 1236 1254 1271 1166
1277 1222 1436 1270 noete
1462 1219 1790 1287 propinquat

369 1288 570 1340 Diuitis
594 1288 661 1339 ad
687 1291 903 1342 tectum.
955 1306 1080 1340 nam
1106 1307 1231 1341 mox
1255 1306 1353 1357 pro
1380 1289 1497 1341 fure
1531 1293 1760 1356 tenetur,

368 1358 421 1411 N
426 1361 678 1410 oeturnus
705 1359 973 1427 grassator
999 1359 1114 1426 erit,
1142 1358 1366 1411 ferietur
1390 1359 1609 1411 inermis

269 1439 349 1478 190
375 1428 447 1481 Et
471 1432 768 1496 prostratus
794 1428 949 1496 inops
975 1429 1268 1480 armabitur
1294 1447 1417 1480 ense
1439 1432 1659 1481 cruento

374 1497 452 1555 Ut
477 1498 714 1567 gladium
739 1498 1014 1550 strinxisse
1039 1501 1194 1567 putes
1219 1499 1277 1550 in
1303 1499 1416 1551 fata
1440 1499 1675 1567 potentis

372 1568 576 1620 Diuitis
604 1571 725 1620 ante
751 1568 908 1620 fores,
959 1568 1191 1620 medicos
1217 1572 1309 1620 aut
1332 1569 1471 1621 forte
1497 1569 1771 1621 ministros

109 1665 162 1704 [p.
187 1665 243 1704 17]
376 1637 674 1690 Sollicitare
699 1641 878 1706 potest
903 1638 1075 1690 audax
1101 1639 1198 1690 sub
1223 1642 1381 1691 noete
1407 1639 1586 1691 silenti

375 1707 478 1769 Qui
507 1709 604 1760 sub
631 1708 747 1759 luce
774 1708 955 1777 fugit?
992 1709 1217 1776 pauidos
1242 1709 1500 1762 informat
1525 1711 1758 1778 egestas,‚

271 1788 349 1829 195
375 1778 614 1830 Diuitiae
641 1779 781 1830 uires
806 1781 1081 1846 praestant
1105 1779 1416 1847 animosque
1443 1783 1737 1831 resumunt.

372 1848 667 1916 Paupertas
693 1848 937 1900 conferre
963 1852 1136 1900 metus
1164 1849 1370 1901 adferre
1395 1867 1652 1917 pauorem

374 1918 542 1971 Nouit
567 1921 620 1970 et
644 1918 701 1969 in
727 1919 949 1970 miseros
976 1937 1183 1986 semper
1209 1919 1481 1971 stimulare
1506 1921 1768 1988 potentes,

374 2044 624 2096 Forsitan
650 2042 893 2096 obiicias:
921 2045 1066 2097 urbis
1094 2045 1342 2097 defensor
1365 2046 1608 2097 habetur.

372 2114 500 2166 Non
527 2133 660 2182 opus
687 2118 767 2166 est
790 2114 1053 2182 laedatur,
1081 2115 1171 2167 ais,
1220 2133 1318 2167 1166
1343 2114 1518 2166 laedat
1542 2115 1826 2182 honestOS,

267 2183 352 2271 200
377 2184 441 2236 In
470 2201 748 2242 Qommune
774 2185 945 2236 bonos
970 2188 1114 2237 totos
1142 2185 1392 2237 defendat
1417 2188 1469 2236 et
1496 2187 1665 2253 ornet,

375 2253 564 2322 Erigat
591 2272 888 2322 oppressos7
915 2254 1197 2306 mediocris
1222 2273 1424 2323 pauper
1450 2258 1670 2315 ametur.

326 2291 350 2347 N
374 2323 503 2375 Non
533 2323 650 2375 ideo
679 2324 876 2375 bellum
903 2328 1018 2376 tota
1049 2326 1247 2377 uirtute
1273 2325 1482 2393 peregit

367 2393 457 2445 Ut
482 2394 639 2444 liceat
663 2394 766 2445 ciui
794 2395 935 2446 ciues
961 2395 1178 2462 impune
1204 2413 1407 2447 necare.

381 2462 596 2515 Fortior
623 2466 702 2514 est
728 2463 914 2515 diues
900 2465 1125 2533 1111161116,
1151 2465 1321 2534 magis
1346 2465 1469 2516 inde
1495 2463 1778 2516 timendus,

389 2594 470 2632 178
496 2598 595 2643 post
634 2592 798 2632 multos
828 2595 982 2645 legitur
1019 2594 1173 2632 timuit
1202 2595 1281 2633 sed
1317 2599 1567 2645 eoepunetum
1685 2593 1764 2632 184
1801 2592 1879 2642 qui

274 2661 386 2688 corr.
421 2648 576 2689 Buech.
720 2650 799 2689 185
838 2649 1042 2700 quisquis
1081 2662 1193 2689 corr.
1230 2649 1422 2700 Bam-IL!
1459 2648 1575 2687 forte
1616 2654 1659 2687 et
1697 2649 1775 2688 186
1814 2646 1876 2687 bis

277 2707 496 2754 quantum
529 2705 639 2755 quod
667 2706 792 2754 posui
820 2706 1037 2756 temptauit
1075 2703 1228 2744 Rueck.
1375 2706 1451 2744 191
1486 2703 1687 2755 petentis
1794 2704 1875 2743 197

272 2761 452 2810 spatium
481 2761 670 2799 relictam
705 2761 944 2812 signumque
983 2763 1250 2811 corruptelae
1286 2761 1525 2811 praefixum
1555 2766 1633 2799 est.
1695 2760 1746 2799 de
1775 2771 1873 2810 sup-

270 2816 478 2865 plemento
510 2815 710 2864 conferas
740 2815 805 2854 IX
837 2818 860 2855 7
888 2814 894 2866 Ι
928 2816 1014 2855 alia
1046 2819 1232 2868 quaestio
1271 2818 1314 2854 in
1350 2815 1617 2868 sequentibus
1647 2819 1873 2855 tractatur.

274 2873 470 2910 nonnulla
502 2872 767 2910 exciderunt.
886 2873 968 2911 200
998 2872 1142 2911 bonus
1175 2884 1285 2912 corr.
1320 2871 1482 2916 Bueelz,
