1940 3072
268 174 341 227 44
947 161 1197 219 HELENA
1222 165 1226 167 ’

374 300 448 352 Et
470 302 695 370 puppim
718 300 979 369 percussit
1003 301 1154 370 aquis
1165 343 1180 369 ‚
1207 301 1418 354 sublata
1443 300 1626 354 carina

375 370 606 423 Tollitur
631 375 684 423 et
711 370 886 439 Cypro
914 371 1094 423 classis
1120 371 1573 439 depulsaresedit.

375 440 507 493 Post
530 442 745 510 signum
768 459 963 493 uenere
988 444 1128 493 rates
1153 441 1417 497 residente
1439 441 1677 510 procella
1748 497 1751 499 ,

29 576 33 578 ῃ
116 525 167 565 [p.
189 524 246 565 55]
374 510 447 562 Et
473 510 708 579 Cyprum
732 514 952 563 tenuere
982 511 1157 563 simul.
1209 512 1407 581 legatio
1433 512 1548 564 sola

268 590 354 630 430
373 580 587 647 Defuit,
614 599 723 633 una
747 580 898 633 fretis
926 583 979 633 et
1002 581 1249 634 fiuctibus
1276 585 1394 634 acta
1417 584 1647 651 negatur

374 650 577 719 Puppis
602 651 660 703 in
684 651 900 703 Ionium
923 651 1121 703 rabidis
1147 652 1350 704 conlisa
1372 652 1648 720 procellis,

374 722 590 790 Aegaeo
617 739 743 773 nam
765 722 922 789 pulsa
948 725 1107 774 caret.
1157 740 1282 774 mox
1305 725 1489 790 pastor
1513 722 1688 774 arenis

374 790 897 843 Dardanusexsiluit
920 792 1163 844 tremulis
1186 795 1311 860 post
1335 810 1568 860 aequora
1591 791 1790 860 plantis

374 861 448 913 Et
472 879 527 913 se
554 879 675 913 cum
700 862 857 914 sociis
881 863 1025 914 tacta
1047 862 1238 914 tellure
1263 862 1475 915 refouit.

270 940 353 980 435
377 931 552 999 Cypro
578 930 717 983 festa
741 931 851 983 dies
876 932 1074 983 natalis
1099 933 1240 985 forte
1264 931 1473 984 Dionae

373 1001 475 1054 Illa
500 1001 616 1053 luce
641 1001 761 1053 fuit.
813 1002 1041 1053 ueniunt
1065 1002 1131 1053 ad
1155 1021 1305 1054 sacra
1330 1001 1591 1071 Cytherae

374 1070 612 1123 Reddere
638 1074 768 1123 uota
793 1071 919 1123 deae
946 1071 1204 1139 quidquid
1229 1073 1372 1140 capit
1395 1073 1572 1124 insula
1598 1072 1801 1142 Cypros

375 1141 528 1203 Quod
553 1158 742 1192 nemus
766 1140 994 1192 Idalium
1020 1141 1164 1210 quod
1189 1143 1430 1195 continet
1453 1143 1562 1195 alta
1588 1142 1820 1211 Cythera

375 1210 529 1272 Quod
544 1210 767 1279 Paphon
787 1213 1010 1263 exornat
1031 1213 1221 1264 tacitas
1235 1213 1377 1280 quod
1397 1213 1590 1265 lustrat
1601 1214 1866 1282 Amyclas.

266 1290 350 1329 440
373 1280 612 1333 Candida
635 1284 909 1349 praeterea
932 1280 1079 1333 Iouis
1105 1283 1247 1333 alitis
1273 1282 1481 1334 Helena
1504 1283 1680 1350 proles

371 1349 633 1415 Uenerat,
662 1352 936 1403 absentem
961 1352 1158 1404 retinet
1181 1353 1307 1404 dum
1333 1351 1490 1405 Creta
1513 1354 1782 1406 maritum.

373 1420 581 1473 Nuntia
603 1421 748 1473 fama
774 1421 920 1472 ducis
944 1424 1114 1474 totam
1138 1423 1437 1490 repleuerat
1461 1425 1673 1492 urbem,

374 1490 673 1543 Aduenisse
699 1491 863 1543 Parin
888 1491 1120 1544 Troiano
1147 1493 1408 1561 sanguine
1435 1496 1653 1546 cretum.

372 1561 562 1612 Audiit
586 1561 875 1613 aduentum
901 1561 1111 1614 iuuenis
1138 1561 1400 1630 Spartana
1429 1562 1630 1632 decori,

264 1640 347 1680 445
369 1630 497 1683 Mox
522 1631 671 1683 iubet
696 1634 750 1683 et
772 1631 960 1684 famuli
985 1633 1212 1684 ueniunt
1234 1633 1521 1685 mandante
1546 1633 1818 1688 Lacaena:

328 1739 330 1741 -
370 1700 620 1769 Hospitio
647 1704 887 1769 speratus
915 1706 1024 1770 eat,
1051 1721 1176 1754 nam
1201 1706 1356 1771 turpe
1385 1703 1557 1755 uideri

372 1770 582 1841 Regina
604 1776 882 1839 praesente
908 1772 1060 1824 Paris
1088 1791 1184 1825 ceu
1208 1774 1394 1826 nauita
1418 1773 1541 1826 uilis

371 1841 524 1893 Litus
549 1859 832 1894 arenosum
856 1845 1050 1895 teneat.
1100 1847 1230 1896 tunc
1256 1846 1449 1912 hospes
1476 1844 1543 1895 ad
1567 1844 1744 1896 aulam

371 1911 625 1963 Peruolat
648 1913 853 1964 Atridis
879 1914 1023 1965 socia
1048 1915 1335 1966 comitante
1364 1917 1592 1966 caterua.
1787 1981 1792 1986 ι

264 1990 348 2030 450
369 1982 689 2050 Perceptum
714 1983 839 2034 dum
865 1987 1035 2051 carpit
1059 1984 1161 2036 iter
1185 1984 1411 2036 festinus
1437 1984 1503 2036 ad
1527 1984 1736 2052 urbem,

370 2051 609 2120 Respicit
632 2053 699 2105 ad
720 2054 978 2121 templum
999 2053 1225 2106 Ueneris
1255 2055 1339 2106 cui
1372 2055 1530 2106 turba
1553 2056 1865 2121 precantum

110 2133 162 2172 [p.
186 2134 242 2173 56]
370 2121 474 2174 Uel
499 2126 796 2175 conuentus
824 2127 962 2191 erat,
988 2142 1114 2176 mox
1138 2125 1301 2176 uertit
1325 2125 1495 2175 iturus
1521 2123 1587 2176 ad
1612 2142 1744 2176 aras,

369 2191 582 2244 Interea
607 2193 755 2245 niuei
780 2194 1013 2246 uolitant
1036 2213 1131 2262 per
1155 2195 1315 2246 litora
1340 2195 1491 2262 cycni

369 2261 615 2314 Flumine
627 2266 952 2332 contempto,
963 2264 1301 2333 placidasque
1313 2265 1440 2316 hinc
1456 2263 1579 2316 inde
1591 2264 1864 2316 columbas

264 2340 345 2380 455
370 2330 608 2384 Molliter
633 2333 922 2385 intendunt
947 2352 1130 2386 omnes
1155 2352 1251 2403 per
1274 2335 1434 2386 inane
1459 2334 1671 2403 uagari,

371 2400 513 2462 Quas
538 2402 758 2455 insanus
784 2404 898 2472 agit
922 2404 1243 2472 rapidusque
1269 2407 1522 2472 sequente
1548 2404 1733 2455 uolatu

369 2471 570 2524 Miluus
594 2473 859 2541 insonteS‚
893 2477 1109 2526 cunctas
1136 2475 1364 2526 clamore
1390 2475 1608 2543 fatigat,

376 2628 458 2667 427
499 2628 902 2681 scopulo-recedit
929 2629 1089 2671 Bueele.
1120 2644 1168 2669 m.
1202 2631 1266 2670 rlz.
1300 2632 1524 2681 proposuit
1665 2631 1746 2669 432
1785 2629 1867 2669 ha.-

264 2683 388 2723 renis
489 2685 572 2725 435
602 2684 751 2725 Dione
865 2687 948 2725 439
981 2685 1156 2738 paphos
1186 2699 1305 2728 corr(
1330 2685 1490 2726 Bueclz.
1521 2699 1571 2725 m.
1600 2686 1665 2725 rh.
1778 2686 1863 2725 444

263 2737 403 2776 Audit
440 2753 556 2780 corr.
592 2740 617 2779 l
626 2741 676 2780 M
790 2741 873 2780 448
912 2741 1181 2782 harenosum
1303 2743 1385 2782 450
1418 2742 1525 2792 fort.
1566 2745 1862 2793 praeceptum

263 2792 420 2833 Bueclz.
456 2810 505 2836 m.
540 2797 602 2836 νὴ.
635 2797 865 2848 inceptum
1006 2798 1087 2837 451
1126 2800 1363 2850 precatum
1403 2810 1515 2838 corr.
1549 2797 1641 2836 IM
1777 2797 1861 2837 452

263 2848 353 2888 iter
390 2863 502 2889 corr.
534 2850 691 2892 Bueclz.
733 2854 822 2892 iter
859 2853 998 2893 uertit
1037 2855 1303 2905 scripserunt
1339 2853 1367 2892 I
1377 2853 1430 2892 M
1538 2854 1622 2894 456
1652 2852 1862 2915 ram'dos—

265 2915 350 2954 que
382 2917 496 2945 corr.
530 2907 558 2945 I
568 2907 621 2946 M
