1940 3072
282 301 512 353 productio
587 311 721 341 sacra
777 299 1020 341 Dionaeae

286 357 445 397 matris
485 355 594 396 VIII
632 357 715 397 515
758 355 815 407 cf.
858 354 1021 408 Cypris

289 412 489 464 Cythere
507 413 666 454 Uenus

258 468 424 508 miluus
470 468 596 509 Ditis
648 468 749 508 auis
787 466 898 509 VIII
934 467 1022 508 466

287 524 408 565 atria
427 524 553 564 Ditis
574 523 618 563 X
639 525 716 578 191
748 523 921 564 inferni
944 536 1023 564 uo-

285 580 441 621 lucres
461 580 660 633 raptoris
682 579 887 620 obuncas
907 579 1021 621 VIII

284 638 369 678 477
398 637 457 688 cf,
490 636 628 676 Pluto

257 690 478 733 Dominus
494 693 611 733 Deus
626 692 723 733 Sat.
741 692 795 733 96
817 693 897 733 168
921 694 1004 733 293

257 749 428 789 Dorica
450 752 605 789 castra
631 748 744 790 VIII
766 750 846 790 127
876 760 1020 801 regna

276 804 390 846 VIII
420 806 502 846 228

255 859 466 901 Blossius
494 860 712 901 Aemilius
741 860 1020 901 Dracontius

283 917 358 956 uir
407 916 690 958 clarissimus
740 920 787 957 et
829 920 1018 970 togatus

286 972 377 1013 fori
405 972 692 1022 proconsulis
721 973 870 1014 almae
900 974 1018 1013 Kar·

285 1028 490 1081 thaginis
536 1024 657 1082 apud
701 1029 1018 1082 proconsulem

284 1084 456 1125 Pacide
494 1086 1016 1138 iumVinsubscriptione.

284 1140 472 1193 praefat
453 1098 518 1182 50
541 1141 774 1182 Dracontii
803 1141 1019 1194 discipuli

285 1197 342 1237 ad
365 1198 714 1249 grammaticum
730 1197 1018 1239 Felicianum

283 1253 306 1293 Ι
353 1254 396 1293 in
444 1255 723 1306 inscriptione
772 1255 1018 1295 Dracontii

285 1321 396 1362 opus
428 1310 483 1350 de
513 1315 650 1363 raptu
671 1309 882 1351 Helenae
907 1310 1020 1351 VIII

283 1367 847 1474 ᾖξ”ἷήῖῗῖῖῖὶέῗέἓὲἓὲ
851 1366 1000 1463 {2¹13
1004 1388 1019 1394 “

283 1477 428 1518 factio
471 1478 711 1518 Dracontii
754 1478 811 1518 ad
848 1477 1019 1519 Gutha—

283 1533 498 1573 mundum
527 1547 683 1587 regem
706 1534 1018 1576 Uandalorum

284 1589 378 1630 Sat.
428 1591 470 1630 in
507 1591 830 1643 subscriptione.
890 1590 1019 1643 quid-

285 1645 391 1698 quid
409 1647 684 1699 contempsit
700 1651 898 1699 uterque
910 1645 1022 1699 (Ho-

282 1714 421 1742 merus
458 1708 499 1742 et
539 1689 771 1756 Der-gilius)
807 1702 1019 1744 Scribere

284 1757 574 1810 Musagenes,
599 1759 684 1799 hoc
714 1759 823 1799 uilis
853 1759 1020 1813 colligo

283 1818 414 1854 uates
439 1814 547 1854 VIII
562 1816 616 1855 23
646 1829 672 1855 a
694 1817 911 1856 Feliciano
941 1818 1020 1856 lin-

281 1883 404 1922 yaam
447 1873 620 1911 latinam
664 1873 813 1912 doctus
857 1872 927 1913 III
966 1873 1018 1913 17

283 1927 372 1966 eius
402 1939 489 1966 cum
510 1929 629 1968 domo
650 1928 901 1969 Uictoriana
920 1942 1018 1970 con·

280 1984 459 2023 suetudo
491 1984 556 2025 VI
586 1985 640 2024 36
669 1997 763 2038 sqq.
801 1987 907 2025 iaris
940 1998 1018 2036 pe-

281 2040 389 2078 ritus
428 2040 466 2078 V
513 2040 673 2081 subscr.
715 2046 757 2081 et
802 2041 889 2081 V11
938 2043 1017 2081 123

281 2093 395 2134 licet
444 2097 656 2148 exiguum
705 2100 860 2136 tamen
897 2098 1019 2138 inter

282 2151 385 2190 iura
415 2155 611 2203 poetam.
666 2159 796 2205 pater
829 2154 1017 2203 familias

282 2205 375 2246 Sat.
407 2209 489 2249 283
519 2210 712 2260 captiuus
742 2208 831 2250 VH
851 2211 905 2250 25
937 2210 1018 2250 106

285 2264 365 2303 119
381 2275 472 2317 sqq
506 2266 588 2305 134
617 2264 709 2305 Sat.
742 2265 824 2306 283
840 2279 904 2319 sq.
936 2267 1017 2307 312

281 2320 371 2359 eius
407 2323 532 2371 culpa
563 2320 649 2359 VH
689 2323 768 2362 127
798 2335 890 2375 sqq.
923 2322 1017 2364 Sat.

281 2376 450 2416 21--28
468 2377 520 2417 53
540 2378 594 2418 93
611 2390 677 2430 sq.
709 2379 789 2418 105
820 2379 1018 2418 christia-

281 2444 359 2471 nus
374 2431 438 2471 VI
456 2433 510 2473 88
527 2432 615 2473 VII
626 2435 706 2473 132
724 2432 788 2473 IX
808 2435 859 2473 16
875 2447 939 2487 sq.
962 2436 1016 2475 36

283 2488 365 2529 134
385 2489 467 2529 226
488 2487 529 2526 Χ
549 2490 633 2529 414
652 2490 736 2529 434
766 2489 1017 2540 Satisf'actio

253 2543 463 2596 Dryades
494 2544 582 2585 VII
612 2546 666 2586 34

252 2654 469 2696 Emathia
478 2657 680 2697 nutritus
691 2656 892 2698 Achilles
905 2657 1017 2699 VIII

253 2713 548 2819 (Flffliymion)
580 2767 622 2807 X
655 2770 733 2809 147

253 2820 378 2863 *Eos
408 2824 516 2865 VIII
546 2826 601 2864 46
632 2826 757 2865 Eous
786 2824 828 2863 X
863 2827 941 2866 103

252 2878 392 2918 Erebi
422 2892 535 2931 gens
567 2880 692 2920 clara
713 2882 802 2921 mei
825 2882 1013 2922 Achilles

280 2933 347 2975 IX
380 2936 461 2976 125
491 2948 572 2976 rex
602 2937 742 2977 Erebi
771 2936 813 2977 X
843 2938 926 2977 436

1109 298 1309 340 crudeli-s
1347 299 1567 340 Erichtho
1603 299 1648 341 V
1677 299 1787 342 130
1797 299 1876 343 de-
1888 313 1940 345 1ῇ

1133 355 1335 396 scribitur
1362 355 1463 396 ibid.
1496 357 1718 398 131—135
1906 355 1940 394 ,ῃῑ

1072 408 1075 411 ’
1105 410 1322 453 Eteocles
1351 410 1394 450 X
1423 413 1508 453 585

1106 467 1292 520 Europa
1321 467 1434 509 vm
1461 469 1544 510 558
1574 467 1618 507 x
1637 468 1720 509 315
1748 463 1870 522 Age·

1136 524 1267 564 noria
1297 523 1478 565 soboles
1506 523 1619 566 VIII
1647 525 1728 565 561
1915 529 1917 531 ’

1105 635 1300 676 Fabiani
1318 636 1560 688 sanguinis
1577 633 1815 677 indexVII
1829 636 1856 677 2
1880 638 1882 640 ’
1910 639 1917 642 ”

1104 691 1256 731 Fauni
1285 691 1375 733 VII
1405 693 1459 733 35
1882 712 1885 713 ’

1104 746 1370 789 Felicianus
1408 748 1736 800 grammaticus
1763 740 1794 787 I
1822 748 1868 788 in
1896 795 1899 797 ,

1131 806 1410 856 inscriptione
1429 803 1500 844 III
1519 805 1562 844 in
1577 805 1856 856 inscriptione

1105 857 1334 902 *Feretus
1355 860 1396 900 X
1417 862 1500 902 532
1520 861 1576 911 cf.
1595 860 1757 913 Hygin.
1773 859 1868 912 fab.
1887 894 1890 895 ⁷

1133 916 1188 956 25
1218 918 1300 957 239
1343 917 1415 957 ubi
1441 916 1548 957 liber
1586 916 1875 969 Frisinqensis

1125 972 1310 1024 praebet
1338 972 1586 1013 Pheretum

1102 1029 1306 1069 Fortuna
1333 1032 1498 1081 potens
1527 1028 1639 1069 VIII
1672 1031 1749 1071 133

1101 1084 1313 1126 Francus
1346 1085 1382 1123 V
1411 1087 1466 1126 35

1101 1141 1271 1182 Furiae
1315 1140 1359 1179 X
1402 1142 1487 1182 458
1529 1142 1612 1182 539
1657 1141 1740 1182 542
1784 1142 1865 1182 571

1130 1197 1298 1238 Furias
1328 1198 1375 1238 II
1398 1199 1480 1238 120
1498 1196 1541 1235 Χ
1561 1198 1644 1238 435
1664 1199 1746 1238 448
1766 1198 1850 1238 457

1103 1250 1284 1294 *Furor
1303 1253 1345 1292 X
1366 1254 1450 1295 563
1480 1253 1653 1294 furores
1673 1252 1716 1292 X
1738 1254 1824 1294 529

1109 1364 1305 1406 Galatea
1349 1365 1397 1405 II
1434 1367 1489 1407 34
1535 1364 1749 1419 delphine
1798 1377 1873 1406 se·—

1135 1421 1249 1462 dens
1301 1421 1500 1463 Galatea
1552 1423 1723 1462 minaci
1785 1422 1871 1463 Ne-

1132 1482 1323 1528 ptunum
1354 1477 1603 1531 perfundet
1624 1478 1757 1531 aquis
1779 1474 1869 1520 VII

1104 1591 1408 1631 Romanorum
1427 1589 1573 1630 Gallis
1589 1589 1764 1630 uexilla
1782 1588 1870 1642 (tu-

1136 1645 1192 1686 lit
1223 1643 1461 1698 Camillus)
1493 1649 1534 1688 V
1564 1648 1645 1687 217

1107 1702 1271 1742 Troius
1307 1702 1387 1742 ille
1424 1715 1536 1755 puer
1573 1701 1866 1754 Ganymedes

1136 1758 1345 1798 conditor
1366 1760 1481 1799 artis
1509 1761 1726 1811 auguralis
1755 1757 1868 1801 VIII

1133 1816 1217 1855 479
1252 1815 1307 1865 cf.
1339 1816 1385 1855 II
1414 1817 1468 1856 23

1104 1867 1126 1891 *
1136 1870 1230 1911 Gar
1233 1871 1436 1923 gilianae
1448 1871 1652 1911 thermae
1671 1871 1740 1911 ubi
1753 1872 1869 1911 Dra-

1135 1928 1316 1968 contius
1355 1928 1718 1968 controuersiam
1746 1926 1866 1966 dixit
1922 1933 1940 1940 ·“

1132 1985 1173 2024 V
1221 1987 1265 2023 in
1312 1984 1642 2036 subscriptione,
1693 1984 1865 2023 eaedem

1132 2040 1318 2080 tlzermae
1347 2041 1418 2079 ubi
1445 2041 1489 2079 in
1517 2043 1752 2080 secretario
1783 2041 1867 2080 col-

1133 2097 1234 2136 latio
1269 2096 1628 2148 Carthaginiensis
1658 2109 1747 2135 cum
1775 2095 1866 2136 Do-

1132 2154 1301 2192 natistis
1345 2152 1487 2192 habita
1524 2158 1589 2192 est
1623 2151 1726 2192 Kal.
1768 2151 1865 2191 Iun.

1133 2210 1235 2248 anni
1267 2209 1347 2247 411
1390 2210 1443 2248 de
1482 2207 1628 2260 quibas
1664 2208 1867 2259 inspicias

1129 2270 1253 2316 ¹qesta
1282 2266 1522 2304 collationis
1542 2263 1864 2316 Carthayinien-
1919 2308 1926 2311 ‚

1132 2322 1192 2360 sis
1222 2322 1288 2362 ed.
1321 2321 1450 2360 Paris
1483 2321 1589 2360 1676
1628 2333 1746 2372 eoyn.
1778 2319 1802 2358 1
1834 2321 1856 2358 1

1134 2375 1201 2428 (p.
1236 2374 1332 2428 29),
1380 2377 1401 2415 1
1441 2378 1493 2416 10
1531 2375 1601 2428 (p.
1640 2373 1735 2427 31):
1777 2375 1867 2415 erit

1134 2435 1285 2472 autem
1324 2432 1563 2472 collationi
1601 2433 1865 2484 aptissimus

1132 2487 1257 2529 locus
1301 2488 1580 2528 thermarum
1628 2486 1862 2540 Gargilia-

1131 2557 1290 2584 narum
1322 2546 1369 2583 in
1391 2557 1525 2595 quem
1548 2544 1620 2584 die
1642 2543 1745 2586 Kal.
1762 2543 1863 2583 Iun.

1131 2601 1310 2641 eosdem
1348 2601 1590 2653 episcopos
1627 2599 1747 2640 solos
1786 2600 1865 2651 qui

1131 2655 1363 2709 designati
1393 2662 1499 2696 sunt
1520 2660 1733 2708 oporteat
1754 2667 1862 2695 con-

1130 2713 1311 2760 uenire,
1360 2711 1561 2764 coyn.11
1602 2714 1624 2751 1
1664 2711 1731 2762 (p.
1761 2708 1862 2761 62);

1129 2781 1251 2820 cogn
1295 2768 1365 2808 ΙΙΙ
1411 2771 1432 2807 1
1478 2766 1537 2819 (p
1578 2766 1673 2819 67);
1724 2767 1864 2807 addas

1128 2825 1356 2876 Auyustini
1402 2824 1536 2864 uerba
1590 2826 1633 2864 in
1682 2823 1864 2875 epistola

1128 2881 1188 2920 ad
1228 2881 1481 2921 Donatista-s·
1526 2887 1628 2932 post
1674 2879 1863 2920 collatio-

1128 2949 1219 2977 nem
1247 2935 1376 2978 XXV
1410 2935 1492 2988 (IX
1509 2945 1554 2984 p.
1569 2937 1650 2977 679
1673 2934 1860 2988 Miqne):
