1940 3072
769 131 1124 184 -13-

107 252 203 302 aut
239 248 505 303 Pelusiaci
543 249 718 319 magis
759 267 815 303 es
854 249 954 302 dea
991 249 1164 302 litoris
1202 248 1329 318 Isis,

48 332 53 338 '
107 324 270 393 digna
306 322 442 392 poli,
481 341 702 376 consors
744 326 798 376 et
835 340 963 376 cura
1000 323 1253 376 latrantis
1293 323 1518 377 Anubis,

107 415 202 450 seu
238 399 299 449 tu
339 396 463 449 diua
503 394 688 466 Ceres,
728 397 805 450 sic
841 414 969 449 nam
1008 396 1110 449 tibi
1148 397 1347 467 flagrat
1386 398 1554 450 arista

6 487 75 528 185
109 474 162 524 et
200 488 296 524 ceu
336 468 538 524 Siriaco
577 473 814 524 torretur
853 471 1002 539 spica
1041 471 1218 524 calore

105 545 417 615 protentata
454 563 641 615 manu,
681 562 774 598 seu
814 562 950 615 quae
988 544 1298 613 pernicibus
1339 544 1439 598 alis

106 635 205 671 nec
245 621 330 671 sat
368 621 515 672 certa
553 619 778 689 gradum
817 618 1146 687 uiduataque
1185 619 1387 672 uertice
1427 636 1636 672 summo

107 692 252 745 fluxa
289 692 433 761 pilae
471 693 638 745 uertis
678 693 933 761 uestigia,
972 692 1238 746 lubricum
1280 695 1339 746 ut
1380 711 1572 746 aeuum

109 784 224 819 sors
265 769 395 836 agat
433 769 486 818 et
525 767 717 819 subitis
758 767 984 834 obrepat
1021 767 1220 819 mobile
1258 767 1431 819 fatum

19 857 75 897 90
107 841 454 908 temporibus.
529 857 738 909 precor,
780 839 838 892 in
876 842 1050 892 terras
1087 841 1278 909 procul
1318 840 1533 894 aethere
1574 841 1642 893 ab
1684 841 1796 893 alto

107 913 259 966 flecte
298 914 481 967 oculos
521 914 896 984 placidamque
936 914 1070 967 meis
1110 915 1460 984 uenerabiliS,
1502 932 1620 980 0r0‚

107 987 280 1055 pande
321 987 487 1040 sacris
528 1006 727 1040 aurem.
802 991 884 1056 tn,
925 1006 1046 1041 cum
1087 989 1296 1041 sincera
1333 988 1575 1058 priorum

108 1061 222 1113 uita
258 1060 541 1114 hominum
579 1062 746 1115 nullis
787 1064 975 1132 ageret
1014 1063 1113 1115 sub
1153 1062 1365 1132 legibus
1406 1081 1599 1115 aeuum

110 1152 374 1204 aureaque
413 1136 676 1189 innocuos
718 1138 996 1188 seruarent
1035 1137 1248 1189 saecula
1287 1154 1463 1190 mores

52 1225 77 1265 5
111 1212 300 1277 sponte
340 1227 436 1261 sua
473 1227 570 1262 nec
609 1210 923 1263 criminibus
964 1210 1054 1263 uia
1092 1212 1343 1279 prompta
1380 1213 1608 1279 pateret,

112 1283 253 1334 inter
292 1283 544 1335 confusos
583 1284 907 1352 populorum
946 1283 1117 1336 libera
1157 1287 1339 1338 coetus

111 1357 400 1409 uersabare
440 1356 613 1409 libens
653 1357 895 1427 nullique
934 1358 1169 1410 obnoxia
1208 1359 1395 1427 culpae

112 1430 274 1482 corda
311 1430 558 1483 inhibens
600 1431 803 1483 medias
844 1434 993 1485 casto
1033 1449 1118 1484 res
1158 1449 1306 1484 more
1344 1431 1583 1484 tenebas.

109 1503 290 1556 nullus
327 1503 511 1556 telluri
548 1504 703 1557 limes
743 1505 923 1574 datus,
962 1505 1137 1558 indice
1175 1505 1326 1557 nullo

25 1593 82 1634 00
115 1577 259 1630 culta
297 1578 619 1630 secabantur
656 1596 829 1648 neque
868 1579 978 1632 iam
1018 1578 1269 1632 discretio
1310 1597 1559 1648 campum

114 1651 294 1703 metiri
330 1652 388 1703 in
427 1651 675 1705 dominos
716 1655 1135 1721 monstrauerat,
1177 1653 1360 1707 omnia
1397 1670 1574 1705 rerum

111 1724 421 1793 usurpantis
461 1728 613 1778 erant
650 1726 1023 1795 promiscaque
1062 1727 1180 1778 iura
1217 1744 1314 1795 per
1353 1743 1536 1794 agros3

112 1798 461 1867 praestiterat
500 1802 705 1852 cunctis
747 1799 1053 1852 communia
1090 1804 1282 1852 cuncta
1321 1800 1506 1852 uideri.

116 1871 341 1940 denique
381 1890 501 1925 cum
541 1872 782 1942 placidas
822 1873 1007 1926 crebro
1048 1873 1148 1925 dea
1185 1874 1385 1926 uiseret
1422 1873 1582 1925 urbes

232 2050 318 2091 282
351 2045 586 2092 Pelusiaci
626 2046 670 2090 V
696 2046 945 2091 Pellusiaci
976 2047 1021 2091 A
1052 2046 1305 2104 peleufiaci
1336 2062 1358 2092 e
1464 2051 1548 2091 283
1582 2046 1679 2103 poli
1719 2044 1805 2089 VA

117 2104 208 2150 coli
238 2105 482 2151 Schraderi
519 2107 866 2198 cmmentqffim
900 2106 1104 2151 Berolin.
1145 2108 1160 2162 ΙΙ
1197 2106 1375 2151 Anubis
1416 2106 1502 2150 VA
1542 2120 1570 2150 a
1606 2105 1744 2149 nubis
1785 2119 1805 2148 e

115 2212 203 2252 284
243 2222 323 2253 seu
361 2211 414 2253 tu
454 2209 563 2253 diua
601 2223 626 2253 v
665 2208 740 2253 seu
783 2210 893 2253 diua
925 2208 1002 2264 (fis
1034 2210 1216 2254 addidit
1254 2222 1419 2254 manus
1457 2211 1506 2265 2)
1555 2208 1597 2251 V
1634 2222 1714 2252 seu
1745 2208 1805 2253 sis

115 2268 225 2311 diua
255 2268 301 2310 A
335 2267 427 2312 Seu
457 2268 566 2312 diua
598 2282 619 2312 e
707 2272 793 2313 286
824 2282 963 2311 manu
995 2282 1076 2312 seu
1108 2282 1225 2324 quae
1257 2269 1434 2313 correxi
1463 2267 1630 2312 manus
1656 2281 1806 2323 euque

125 2326 169 2369 V
194 2340 359 2370 manus
392 2341 447 2371 ea
478 2340 596 2383 quae
620 2327 697 2370 Ae
789 2332 874 2371 288
907 2327 1030 2371 fluxa
1059 2327 1184 2384 pilae
1223 2326 1266 2371 V
1284 2327 1543 2384 Fluxipilae
1567 2327 1613 2370 A
1637 2326 1808 2369 Fluxat

115 2384 224 2442 pilae
271 2399 293 2430 e
330 2386 346 2441 ΙΙ
382 2386 525 2431 uertis
565 2385 756 2430 Grotius
792 2386 935 2430 uestis
973 2386 1088 2431 VAe
1126 2387 1142 2442 ΙΙ
1177 2386 1408 2430 lubricum
1450 2387 1512 2431 Ve
1549 2384 1729 2429 lubrica
1760 2384 1805 2427 A

1117 2447 1140 2477 b

1592 2454 1614 2477 a

119 2491 205 2532 290
251 2502 416 2545 precor
453 2488 502 2532 in
541 2491 690 2533 terras
729 2488 892 2545 procul
940 2488 1001 2532 Ve
1040 2489 1204 2545 procul
1241 2489 1290 2533 in
1326 2491 1475 2533 terras
1515 2501 1677 2545 precor
1716 2487 1762 2530 A
1793 2489 1806 2541 Η

120 2547 308 2592 aethere
334 2548 396 2592 Vc
413 2548 472 2591 ab
491 2548 673 2604 (deleuit
688 2561 853 2591 manus
869 2547 915 2603 1)
934 2548 1122 2591 aethere
1140 2547 1185 2590 A
1224 2553 1311 2592 294
1328 2548 1549 2592 innocuos
1566 2561 1591 2590 v
1609 2546 1806 2589 innocuo

130 2605 216 2648 VA
230 2619 255 2649 e
301 2611 386 2650 297
406 2606 606 2651 obnoxia
621 2607 666 2649 A
678 2620 699 2650 e
716 2606 903 2650 obnixia
928 2606 971 2649 V
1009 2611 1094 2650 298
1113 2606 1290 2650 medias
1309 2606 1496 2650 Grotius
1513 2604 1667 2649 media
1692 2604 1808 2647 VAe

121 2664 179 2718 cf.
197 2664 384 2710 Hermes
404 2666 561 2709 XIII
574 2679 624 2722 p.
643 2669 736 2710 358
759 2679 804 2709 n.
824 2669 884 2709 35
907 2666 923 2721 11
945 2665 1135 2709 tenebas
1160 2665 1236 2709 Ae
1258 2666 1474 2709 tenebias
1509 2665 1551 2709 V
1571 2668 1657 2708 300
1683 2676 1808 2707 seca-

120 2721 291 2767 bantur
313 2724 390 2768 Ae
414 2725 633 2769 secabant
655 2724 698 2768 V
775 2729 859 2768 302
884 2723 1207 2780 promiscaque
1231 2723 1334 2768 iura
1356 2725 1521 2780 scripsi
1544 2737 1598 2768 eoe
1623 2722 1811 2766 Heinsii

123 2782 382 2827 coniectura
411 2783 561 2839 promi
565 2797 642 2828 sca
672 2784 872 2838 quetura
911 2782 954 2827 V
980 2783 1302 2839 promiscaque
1334 2797 1444 2827 cura
1470 2784 1514 2826 A
1546 2780 1809 2839 promiscua

123 2839 225 2883 iura
254 2841 316 2887 N.
349 2842 571 2887 Heinsius
691 2846 776 2885 303
817 2841 1117 2898 praestiterat
1147 2843 1348 2886 Buhlius
1378 2842 1686 2901 Prostiterant
1723 2840 1809 2885 VA
