1940 3072
794 138 1150 190 ..47-

13 265 98 307 135
129 253 346 324 longior
382 255 758 325 extremaeque
794 255 980 324 polum
1019 254 1165 308 subit
1201 254 1391 327 indiga
1427 255 1652 326 caudae,

131 346 295 381 curua
333 326 453 382 Chii
492 329 638 381 caelo
679 346 800 382 cum
841 330 1071 399 surgunt
1106 329 1331 382 brachia
1370 329 1525 399 signi.

127 402 334 471 inspice
373 419 469 455 ceu
509 401 696 455 dextra
734 402 997 456 referatur
1037 403 1105 455 ab
1146 403 1361 456 aethere
1400 404 1589 474 planta

126 475 288 545 inque
326 493 468 546 genu
505 478 720 529 tantum
757 476 913 529 nixus
951 476 1084 545 pede
1121 477 1363 545 proferat
1401 479 1593 531 ortum.

126 549 229 602 iste
267 550 415 618 lyrae
451 549 642 602 rutilat
680 550 1039 603 conterminus
1080 550 1252 619 adque
1292 551 1390 603 sub
1429 550 1589 604 undis

13 633 97 675 140
130 622 217 675 hic
255 623 492 676 tenebris
531 623 670 692 petit
709 623 917 676 occidui
955 623 1096 676 uada
1135 624 1349 677 caerula
1386 624 1541 693 ponti

129 700 184 749 et
223 714 349 750 mox
387 695 600 750 Oceano
639 699 919 766 reparatur
957 698 1130 750 clarus
1171 715 1284 751 e00.

127 787 248 823 cum
289 770 457 824 chelis
496 771 665 841 igitur
700 771 835 840 pede
874 773 1086 823 tantum
1123 771 1392 839 promitur
1428 788 1552 824 uno.

126 843 243 912 ipse
282 843 472 898 dehinc
511 863 700 898 uersus
738 845 926 914 procul
964 844 1021 896 in
1061 847 1223 913 caput
1258 844 1450 897 ultima
1487 846 1716 898 monstri

126 919 283 988 terga
321 921 528 987 manet,
567 921 770 987 manet,
809 918 1154 986 arquitenens
1195 917 1320 970 dum
1361 918 1569 986 spicula
1608 919 1760 972 caelo

37 1003 93 1044 45
126 994 308 1044 exerat
347 994 401 1044 et
440 1009 634 1060 supera
670 992 849 1045 uibret
886 992 1118 1045 bellator
1155 992 1213 1043 in
1252 991 1453 1045 aethra.

123 1064 226 1118 hoc
266 1065 412 1119 sidus
451 1065 717 1118 reuehunt
755 1066 960 1134 chelae3
1000 1083 1120 1118 01118
1161 1065 1400 1133 scorpius
1439 1065 1577 1134 ipse,

125 1141 302 1192 cetera
340 1157 461 1192 cum
499 1139 699 1208 medio,
736 1140 951 1192 laeuam
991 1143 1045 1192 et
1085 1141 1247 1207 caput
1287 1156 1484 1208 oraque
1526 1158 1738 1192 sursum

125 1229 278 1265 arcus
320 1213 448 1282 agit.
524 1213 698 1266 tribus
738 1213 826 1266 hic
865 1213 1084 1266 tandem
1124 1213 1450 1265 remorantia
1490 1215 1738 1268 membra

122 1286 368 1354 partibus
409 1287 654 1357 erigitur,
693 1286 799 1339 tria
837 1289 1015 1339 totum
1055 1286 1282 1355 denique
1322 1286 1479 1355 signa

35 1372 91 1413 50
124 1360 413 1413 absoluunt
450 1361 658 1430 pelago.
735 1361 941 1413 mediae
979 1363 1096 1413 tum
1137 1362 1279 1412 serta
1318 1378 1546 1413 coronae

123 1436 177 1485 et
216 1452 351 1503 quae
392 1432 660 1486 Centauro
702 1434 1014 1486 diffunditur
1054 1434 1253 1486 extima
1293 1433 1483 1501 cauda,

119 1506 293 1575 prima
331 1508 583 1560 uenenati
622 1525 742 1560 cum
781 1510 975 1577 repunt
1011 1507 1234 1560 brachia
1272 1507 1522 1574 monstri,

123 1583 352 1651 surgunt
390 1580 588 1634 Oceani
626 1581 735 1633 iam
775 1581 1002 1651 gurgite.
1081 1583 1135 1633 et
1172 1581 1364 1632 ultima
1403 1580 1564 1650 cygni

122 1656 177 1706 et
215 1657 379 1723 caput
417 1655 553 1707 acris
594 1655 717 1724 equi
755 1655 955 1723 premit
992 1672 1239 1723 aequora.
1315 1654 1423 1706 iam
1462 1654 1651 1722 procul
1690 1653 1796 1706 ista

33 1740 89 1781 55
122 1728 402 1781 marmoris
443 1728 646 1781 occidui
684 1728 899 1797 penitus
938 1729 1140 1796 petiere
1179 1727 1528 1796 profundum,

119 1800 318 1854 hausta
357 1802 486 1855 salo
547 1804 709 1871 caput
743 1801 1117 1854 Andromedae
1156 1800 1297 1853 freta
1335 1802 1493 1878 uasta
1531 1803 1810 1869 receptant

122 1892 183 1928 ac
220 1873 571 1928 formidatam
610 1875 801 1928 deuexi
840 1874 1054 1927 cardine
1094 1874 1279 1926 mundi

120 1948 393 2018 fluctigeni
433 1950 661 2018 speciem
701 1948 932 2001 monstri
973 1966 1134 2017 super
1173 1948 1377 2000 inuehit
1417 1951 1616 2000 auster.

122 2022 214 2075 sed
252 2022 446 2075 boreae
486 2023 549 2075 de
588 2026 742 2092 parte
781 2022 949 2075 trucis
988 2022 1138 2074 uelut
1176 2038 1372 2091 aggere
1413 2022 1480 2074 ab
1524 2022 1634 2074 alto

243 2198 288 2240 1:1⁴
300 2201 354 2241 35
388 2198 714 2252 extremaeque
739 2196 784 2240 A
816 2197 1112 2252 extremeque
1148 2196 1190 2238 V
1208 2197 1223 2252 ΙΙ
1246 2194 1407 2251 indiga
1437 2209 1464 2238 v
1498 2195 1652 2240 indica
1686 2196 1811 2241 VAe

125 2259 237 2299 1136
279 2269 383 2299 011111
422 2257 617 2313 surgunt
648 2254 837 2299 Grotius
875 2256 1159 2312 consurgunt
1199 2254 1284 2297 VA
1314 2255 1329 2310 ΙΙ
1362 2253 1483 2310 signi
1514 2255 1559 2297 A
1596 2254 1730 2311 signa
1771 2256 1813 2298 V

124 2318 236 2359 1139
262 2314 310 2371 ly
312 2327 391 2359 rae
416 2314 557 2370 Alyr
559 2328 583 2359 e
618 2314 661 2358 V
722 2318 834 2358 1140
866 2314 988 2358 uada
1014 2313 1261 2358 Schrader-i
1292 2314 1636 2357 commentarius
1658 2314 1807 2358 Berol.

120 2372 462 2418 Sekaubachius
491 2387 615 2430 uaga
655 2373 699 2416 V
725 2372 836 2429 iuga
867 2372 912 2416 A
1036 2376 1149 2417 1146
1181 2373 1269 2416 hoc
1299 2372 1344 2415 A
1376 2371 1491 2415 haec
1534 2372 1576 2414 V
1595 2374 1610 2427 ΙΙ
1634 2386 1737 2415 crus
1773 2372 1813 2415 V

119 2433 226 2476 trux
257 2432 301 2475 A
325 2433 341 2488 ΙΙ
371 2432 469 2489 ipse
510 2433 553 2475 V
580 2432 682 2489 ipso
713 2432 758 2475 A
882 2434 995 2474 1148
1027 2430 1311 2476 remorantia
1340 2431 1387 2473 A
1419 2430 1607 2474 Grotius
1637 2445 1810 2475 memo-

121 2490 274 2535 rantia
314 2491 358 2534 V
476 2495 587 2535 1151
629 2492 677 2535 et
716 2504 834 2546 quae
868 2490 1056 2534 Grotius
1088 2490 1247 2545 Exque
1288 2489 1373 2532 VA
1405 2489 1419 2544 ΙΙ
1453 2488 1624 2533 extima
1664 2489 1707 2531 V
1742 2490 1810 2532 ul-

120 2548 238 2593 tima
268 2550 313 2592 A
438 2554 550 2594 1152
583 2549 803 2594 uenenati
833 2550 878 2592 A
911 2562 1093 2593 uenena
1132 2548 1175 2591 V
1293 2550 1407 2591 1153
1443 2547 1616 2591 Oceani
1647 2549 1812 2604 scripsi

122 2608 179 2662 cf.
211 2621 257 2651 u.
289 2610 379 2653 430
408 2622 471 2665 sq
499 2607 683 2653 Oceano
719 2608 803 2651 VA
826 2609 841 2664 l]
865 2607 1049 2664 gurgite
1081 2622 1108 2652 v
1140 2620 1308 2664 gurges
1342 2606 1467 2649 VAe
1543 2611 1656 2649 1154
1688 2607 1810 2650 acris

124 2666 231 2721 equi
262 2680 283 2710 e
314 2667 416 2724 agri
449 2668 580 2723 sequi
620 2667 663 2710 V
691 2666 841 2723 agrise
875 2666 953 2723 qui
984 2667 1030 2709 A
1139 2670 1253 2710 1156
1284 2664 1608 2709 Andromedae
1639 2665 1685 2707 A
1717 2667 1809 2709 An-

123 2725 341 2769 dromede
397 2726 490 2782 Vn
533 2727 776 2782 receptant
832 2725 875 2767 V
916 2726 1159 2781 receptans
1205 2725 1250 2767 A
1373 2727 1487 2767 1158
1537 2723 1736 2779 speciem
1782 2737 1810 2768 v

124 2783 278 2839 specie
320 2784 445 2830 VAe
473 2787 489 2841 ΙΙ
521 2799 657 2842 snper
688 2783 868 2829 inuehit
898 2784 943 2828 A
975 2782 1243 2841 supinhueit
1282 2782 1326 2826 V
1418 2786 1531 2826 1159
1565 2782 1733 2827 boreae
1765 2781 1809 2826 A

120 2842 288 2902 boi-aee
320 2842 365 2887 A
