1940 3072
800 143 979 188 LIBER
1012 144 1049 190 1.

129 264 303 316 Dolosa
326 263 499 331 vulpes
523 265 678 315 avidis
701 267 870 331 rapuit
894 266 1141 317 dentibus,

127 332 255 385 Tum
281 335 478 385 demum
502 336 746 399 ingemuit
770 338 906 386 corvi
932 337 1170 402 deceptus
1193 343 1383 403 stupor.

120 434 123 437 μ
201 403 330 471 [Hac
354 420 409 454 re
435 404 676 470 probatur
701 412 938 470 quantum
961 408 1217 470 ingenium
1240 407 1393 464 valet;

127 473 320 525 Virtute
346 489 544 539 semper
568 475 819 541 praevalet
843 475 1128 542 sapientia.]

680 601 720 649 F
732 601 779 650 A
789 601 832 650 B
844 602 891 648 V
902 602 943 650 L
954 603 1001 651 A
1036 602 1172 651 XIV.

546 681 649 723 Ex
679 681 953 725 SV'I’ORE
983 682 1315 726 MEDIOVS.

195 751 353 802 Malus
378 767 491 802 cum
514 750 655 803 sutor
680 754 847 818 inopia
873 753 1159 817 deperditus

125 822 419 872 Medicinam
443 824 611 887 ignoto
635 822 800 871 facere
828 824 1075 887 coepisset
1096 823 1205 872 loco

124 892 188 942 Et
211 892 488 942 venditaret
510 892 634 942 falso
659 892 934 942 antidotum
958 894 1172 950 nomine,

124 960 362 1012 Verbosis
386 962 652 1027 adquisivit
676 961 776 1012 sibi
800 963 981 1012 famam
1005 963 1242 1028 strophis,

124 1031 216 1080 Hic
241 1047 353 1081 cum
377 1034 565 1082 iaceret
587 1031 761 1081 morbo
787 1033 1040 1082 confectus
1066 1036 1206 1097 gravi

123 1100 229 1151 Rex
254 1101 417 1159 urbiS,
446 1103 555 1151 eius
580 1103 868 1167 experiendi
892 1105 1051 1166 gratia

124 1170 373 1236 Scyphum
397 1173 648 1237 poposcit:
686 1173 796 1222 susa
821 1172 936 1221 dein
962 1173 1197 1223 simulans
1222 1188 1347 1239 aqua

123 1242 356 1291 Antidoto
380 1243 591 1291 miseere
617 1241 751 1292 illius
777 1257 828 1291 se
854 1243 1090 1300 toxicum,

122 1310 342 1360 Ebibere
368 1313 514 1360 iussit
539 1313 700 1376 ipsum
725 1313 887 1376 posito
911 1314 1150 1376 praemio.

123 1379 324 1430 Timore
349 1383 523 1430 mortis
547 1381 631 1430 ille
657 1387 759 1430 tum
786 1382 1040 1431 confessus
1065 1389 1138 1432 est

123 1450 231 1500 Non
258 1452 379 1500 artis
403 1450 501 1500 ulla
527 1451 747 1500 medicae
772 1466 825 1500 se
849 1452 1129 1517 prudentia,

123 1521 301 1570 Verum
328 1526 531 1586 stupore
555 1521 692 1584 vulgi
717 1522 900 1570 factum
924 1521 1157 1571 nobilem.

120 1588 225 1640 Rex
250 1590 479 1641 advocata
505 1592 735 1640 contione
760 1591 884 1641 haec
910 1591 1089 1641 edidit:

120 1658 338 1717 Quantae
365 1662 552 1726 putatis
578 1676 685 1710 esse
711 1676 796 1710 vos
821 1661 1115 1718 dementiae,

120 1729 217 1786 Qui
243 1732 402 1795 capita
426 1736 588 1780 vestra
612 1746 711 1780 non
737 1730 975 1782 dubitatis
1001 1731 1219 1788 credere,

122 1800 211 1849 Cui
238 1800 523 1849 calceandos
547 1816 690 1850 nemo
717 1803 963 1851 commisit
987 1801 1169 1866 pedes?

191 1869 294 1918 Hoc
318 1871 571 1935 pertinere
597 1884 711 1919 vere
739 1870 799 1919 ad
824 1871 934 1919 illos
960 1871 1185 1926 dixerim,

118 1937 341 1996 Quorum
367 1939 576 1988 stultitia
602 1946 831 2004 quaestus
856 1940 1189 2004 impudentiae
1217 1946 1308 1990 est.

690 2065 1008 2114 FABVLA
1044 2065 1151 2114 XV.

379 2146 635 2188 ASINVS
664 2147 762 2188 AD
794 2146 1033 2188 SENEM
1063 2146 1456 2189 PASTOREM.

190 2217 245 2266 ln
271 2219 553 2282 principatu
579 2218 921 2268 commutando
947 2220 1143 2282 saepius

121 2286 201 2337 Nil
226 2294 424 2351 praeter
450 2288 636 2336 domini
661 2303 839 2337 nomen
865 2294 1057 2337 mutant
1080 2303 1336 2352 pauperes

122 2356 174 2406 ld
202 2371 308 2406 esse
334 2372 506 2406 verum
531 2372 677 2421 parva
702 2358 823 2407 haec
848 2357 1026 2407 fabella
1051 2357 1250 2407 indicat.

190 2426 404 2476 Asellum
432 2428 483 2475 in
508 2433 649 2491 prato
673 2427 877 2478 timidus
902 2427 1134 2493 pascebat
1159 2442 1325 2479 senex.

122 2495 168 2545 Is
192 2495 408 2545 hostium
435 2496 647 2546 clamore
673 2496 837 2547 subito
861 2499 1065 2547 territus

121 2564 371 2615 Suadebat
395 2567 531 2615 asino
556 2567 756 2630 sugere,
781 2583 843 2616 ne
868 2572 1070 2632 possent
1095 2567 1219 2630 capi.

122 2635 182 2684 At
206 2635 288 2684 ille
315 2635 501 2685 lentus:
546 2634 760 2693 Quaem,
788 2651 906 2686 num
932 2636 1074 2685 binas
1098 2636 1218 2684 mihi

122 2705 340 2755 Clitellas
364 2707 694 2770 inpositurum
718 2707 954 2755 victorem
979 2706 1151 2770 putas?

123 2773 283 2823 Senex
309 2777 519 2839 negavit.
571 2776 701 2839 Ergo
727 2776 844 2841 quid
868 2777 1023 2825 refert
1046 2789 1168 2830 mea,

122 2842 212 2892 Cui
239 2846 477 2894 serviam?
513 2845 718 2894 clitellas
745 2846 859 2895 dum
884 2852 1076 2910 portem
1102 2859 1252 2893 meas.

1669 1388 1725 1430 10

1667 1736 1720 1778 15

1662 2853 1712 2893 10
