1940 3072
276 161 348 215 46
712 191 716 194 .
901 166 907 170 ·
954 127 1220 203 insistam&¹

278 299 364 340 490
381 288 592 358 Aspicit
613 287 759 340 hunc
785 299 966 339 errans
992 287 1160 340 oculis
1186 287 1376 339 ornata
1399 285 1667 353 Lacaena,
1776 338 1815 358 Α,
1846 346 1849 347 ⁷

383 358 608 429 Effigiat
629 375 727 426 per
752 359 943 410 cuncta
965 357 1142 409 uirum
1167 356 1360 426 quibus
1384 355 1476 408 ille
1501 355 1724 408 decorus

385 428 640 482 Uestibus
664 427 878 480 incedat
901 426 989 479 uel
1014 445 1120 496 qua
1141 426 1397 496 lanugine
1423 427 1590 483 malas

384 498 614 552 Umbret
638 501 692 550 et
715 497 774 550 in
797 515 952 550 roseo
976 501 1292 566 prorumpat
1314 496 1564 550 flosculus
1591 514 1698 549 ore.

383 569 591 622 Laudat
615 585 799 620 amans
824 568 1016 620 mirata
1041 568 1218 619 uirum
1241 567 1512 619 flammata
1536 567 1780 620 Lacaena
1801 571 1809 575 ’
1890 607 1893 609 »

277 648 359 688 495
378 639 602 708 Ignibus
625 638 833 707 Idaliis,
859 656 986 690 nam
1013 637 1211 690 dudum
1236 637 1534 707 flammiger
1559 637 1666 689 ales

383 708 557 762 Matre
581 709 798 761 iubente
824 726 956 777 puer
979 709 1088 760 telo
1116 707 1374 760 candente
1399 706 1656 760 medullas

382 779 578 832 Ledaei
601 782 786 847 partus
810 779 999 830 furtim
1023 778 1284 831 iaculatus
1309 795 1545 830 amorem

131 882 182 923 [p-
207 883 263 924 58]
383 848 620 902 Usserat.
674 851 729 901 at
753 852 936 917 pastor
959 849 1154 917 repetit
1177 851 1300 916 post
1324 866 1470 901 sacra
1493 847 1704 900 Dionae

383 919 709 987 Hospitium.
759 919 948 988 regina
972 919 1123 971 uenit
1147 918 1382 986 pallente
1406 919 1627 985 rubore,

277 999 362 1039 500
380 988 522 1042 Ν3111
546 989 773 1041 flammis
798 989 1015 1057 perfusa
1038 1006 1202 1058 genas
1226 988 1552 1057 pallentibus
1577 988 1714 1056 ibat,

383 1058 556 1111 Fusus
580 1062 804 1127 uterque
831 1058 988 1111 decor
1012 1059 1357 1111 manifestum
1381 1059 1570 1127 uulgat
1594 1076 1844 1112 amorem.

382 1128 661 1181 Pastorem
684 1129 995 1197 pudibunda
1018 1130 1154 1197 petit
1179 1129 1462 1181 cohibente
1486 1146 1686 1197 pauore

383 1198 749 1267 Hortaturque
775 1199 951 1251 uirum
974 1199 1213 1267 semem,
1241 1217 1347 1267 qua
1371 1199 1535 1267 stirpe
1558 1201 1789 1268 creatuS,

383 1268 591 1321 Indicet
612 1272 666 1321 et
688 1268 853 1321 fuerit
877 1287 982 1337 qua
1006 1270 1112 1321 iam
1137 1272 1364 1321 uexante
1389 1269 1624 1336 procella

277 1348 360 1388 505
380 1339 467 1390 Ad
494 1337 727 1407 Cyprum
753 1339 953 1408 pulsus
1004 1339 1178 1391 medio
1205 1357 1448 1391 sermone
1473 1338 1716 1391 Lacaena
1791 1344 1800 1347 “

380 1408 495 1461 13111
515 1412 658 1461 tacet
674 1414 727 1461 et
745 1411 954 1478 quaerit
971 1410 1221 1461 iuuenem
1242 1410 1432 1477 quibus
1453 1412 1669 1478 appetat
1686 1409 1877 1462 ardens

381 1478 665 1531 Dictorum
689 1479 882 1531 uerbis.
934 1479 1025 1531 sed
1049 1483 1233 1547 pastor
1255 1479 1488 1547 perfidus
1512 1479 1707 1547 hospes

382 1547 460 1601 Ut
485 1550 651 1600 sensit
678 1548 896 1618 fragiles
921 1549 1158 1601 mulieris
1183 1553 1397 1617 pectore
1423 1567 1631 1617 sensus,

377 1618 577 1686 Incipit
599 1618 793 1671 Iliacus
818 1637 930 1672 non
957 1638 1062 1687 quo
1092 1620 1161 1671 sit
1186 1620 1446 1688 sanguine
1473 1623 1648 1671 cretus

273 1698 357 1737 510
374 1687 427 1740 N
431 1706 488 1740 ec
515 1689 706 1756 quibus
733 1707 981 1741 excussus
1011 1689 1187 1741 uentis
1213 1690 1279 1742 ad
1305 1690 1463 1741 litora
1489 1688 1651 1758 Cypri

380 1756 605 1810 Uenerit
630 1759 802 1811 effari:
837 1759 1076 1827 trepidus
1101 1760 1207 1811 iam
1234 1777 1365 1811 uoce
1390 1760 1610 1811 remissa

379 1827 643 1897 Reginam
668 1829 917 1881 laudabat
943 1848 1153 1894 31113113,
1183 1830 1396 1898 culpare
1422 1829 1671 1881 maritum

380 1897 643 1966 Coeperat
669 1899 942 1951 absentem
969 1899 1111 1968 quod
1136 1900 1242 1951 iam
1267 1899 1624 1967 pulcherrima
1652 1900 1846 1952 coniux

378 1968 427 2019 A
452 1969 633 2036 tepido
662 1968 869 2021 deserta
893 1970 1011 2022 uiro
1038 1970 1283 2039 neglecta
1307 1973 1521 2021 uacaret

271 2047 353 2087 515
376 2037 538 2090 Sacra
562 2037 834 2091 Dionaeae
860 2040 1044 2091 matris
1069 2039 1157 2093 uel
1181 2040 1382 2107 templa
1405 2040 1652 2107 petisset,

377 2108 693 2177 Adiungens
719 2111 733 2134 ‘
749 2109 793 2160 si
817 2109 940 2161 talis
967 2110 1068 2161 erit
1093 2128 1254 2177 quam
1279 2109 1421 2161 forte
1446 2109 1689 2161 merebor

377 2176 638 2245 Uxorem,
667 2179 740 2230 sic
764 2179 960 2231 blanda
985 2180 1136 2248 genis
1163 2179 1237 2231 sic
1265 2197 1354 2231 ore
1379 2179 1617 2231 modesto

378 2246 465 2299 Sic
491 2248 657 2299 oculis
684 2252 873 2301 ornata
898 2250 1006 2300 suis
1032 2250 1106 2301 sic
1131 2249 1355 2317 pulchra
1380 2249 1566 2300 decore

377 2317 615 2369 Candida
639 2318 715 2372 sic
741 2337 894 2371 roseo
920 2318 1245 2387 perfundens
1270 2319 1507 2370 membra
1531 2320 1723 2370 rubore

269 2397 352 2436 520
373 2386 459 2439 Sic
484 2387 639 2439 flauis
667 2392 857 2440 ornata
882 2389 1047 2441 comis
1074 2390 1148 2440 sic
1172 2389 1388 2457 longior
1413 2392 1557 2440 artus

127 2487 176 2526 [p.
200 2486 257 2527 59]
379 2456 452 2510 Et
474 2474 695 2525 procera
719 2476 910 2527 regens
936 2459 993 2510 in
1017 2459 1220 2526 poplite
1245 2459 1482 2510 membra
1506 2461 1755 2525 uenusta‚

375 2526 493 2578 Tali
519 2544 726 2595 semper
751 2545 850 2597 ego
886 2528 1134 2597 dignatus
1160 2529 1386 2597 coniuge
1411 2528 1541 2579 felix

372 2595 500 2648 Non
527 2596 717 2666 desim,
749 2598 975 2650 famuler
1001 2599 1224 2666 supplex
1251 2601 1304 2650 et
1328 2599 1499 2649 iussus
1526 2597 1767 2665 adorem,

379 2726 463 2765 490
493 2722 581 2764 huc
615 2738 748 2766 erran
780 2726 924 2766 oculis
954 2740 1066 2769 corr.
1096 2726 1188 2766 JM
1269 2727 1350 2766 497
1380 2725 1555 2765 Laedei
1639 2726 1722 2765 498
1753 2725 1866 2765 Ues·-

267 2783 392 2820 serat
427 2793 541 2820 corr.
575 2781 664 2820 IM
695 2782 701 2831 Ι
738 2778 945 2821 Dionem.
1004 2781 1178 2822 Diones
1221 2782 1307 2821 IM
1420 2783 1498 2822 501
1540 2780 1666 2821 color
1697 2793 1860 2832 propo-

265 2837 348 2875 suit
377 2835 535 2876 Buech.
644 2838 721 2876 511
757 2841 803 2877 et
835 2837 923 2877 fari
1024 2839 1105 2878 515
1136 2838 1212 2878 uel
1242 2840 1416 2890 tempta
1444 2839 1670 2889 proposuit
1702 2836 1861 2876 Buech.

267 2892 348 2932 516
382 2893 470 2932 erit
500 2905 611 2933 corr.
643 2906 700 2932 eae
731 2896 831 2933 erat
946 2895 1026 2934 522
1060 2892 1203 2934 foelix
