1940 3072
860 60 1184 112 —4—

91 193 146 232 60
183 180 498 248 aequarent,
538 196 643 246 qua
681 179 836 247 parte
875 177 1030 246 polus
1072 177 1352 231 sublimior
1391 179 1501 231 alto

182 252 394 305 cardine
435 251 708 304 caeruleas
747 251 989 304 Thetidis
1028 269 1139 304 non
1178 254 1429 321 tangeret
1465 252 1635 305 undas
1645 294 1658 322 ‚

181 325 300 395 quis
339 326 498 394 polus
539 325 831 378 umbrifero
871 326 1039 377 lateat
1077 325 1299 377 decliuis
1340 326 1397 378 in
1438 344 1535 378 axe

181 402 234 452 et
272 416 416 468 uaga
452 398 663 468 palanti
703 417 796 452 cur
836 400 992 467 signa
1032 416 1212 451 errore
1250 399 1507 452 ferantur.

181 491 317 541 quae
357 491 571 525 rursum
611 473 827 543 ingenio
867 472 1210 541 numerisque
1250 470 1564 526 Solensibus
1603 473 1746 525 idem

90 560 145 599 65
178 545 424 615 Iuppiter
463 546 639 599 efferri
677 547 869 599 melius
910 545 1082 616 dedit,
1120 546 1299 598 incola
1337 545 1502 599 Tauri

91 929 144 968 70

92 1297 145 1337 75

90 1665 145 1705 80

178 638 333 673 musa
371 623 432 674 ut
471 619 757 689 Cecropios
797 622 1076 689 raperetur
1118 622 1172 671 et
1209 620 1392 672 Aonas
1434 637 1608 690 agros,
1729 666 1734 671 ,

251 693 339 746 Μο
379 712 590 764 quoque
630 712 772 746 nunc
812 693 1003 747 similis
1045 694 1292 746 stimulat
1330 693 1479 747 furor
1518 694 1673 747 edere
1710 712 1870 747 uersu

177 771 444 836 tempora,
484 786 604 820 cum
644 767 790 820 duris
831 785 1046 820 uersare
1085 767 1359 836 ligonibus
1400 786 1531 821 arua

179 842 488 909 conueniat,
528 859 649 894 cum
688 841 924 894 ueliuolo
967 842 1092 893 dare
1132 841 1356 893 carbasa
1394 844 1563 911 ponto

178 918 231 968 et
271 934 390 968 cum
428 915 685 968 uiticomo
727 915 928 968 crinem
966 914 1189 967 tondere
1227 914 1426 983 Lyaeo.

179 1007 209 1041 o
249 990 383 1041 mihi
422 991 554 1042 nota
594 989 742 1057 adyti
781 989 890 1041 iam
930 988 1154 1040 numina
1193 988 1472 1041 Parnasei!

179 1081 209 1114 o
250 1081 345 1131 per
384 1063 555 1115 multa
594 1080 815 1132 operum
858 1080 976 1114 mea
1016 1080 1225 1131 semper
1266 1080 1392 1115 cura
1432 1065 1705 1116 camenae!

177 1137 284 1189 iam
324 1137 500 1205 placet
539 1136 598 1189 in
638 1155 891 1206 superum
931 1137 1079 1188 uisus
1123 1136 1404 1188 sustollere
1445 1138 1652 1190 caelum

181 1210 350 1278 adque
391 1210 559 1263 oculis
599 1229 836 1263 reserare
878 1210 1022 1263 uiam
1062 1228 1158 1278 per
1198 1210 1385 1264 sidera.
1462 1212 1658 1280 maior,

179 1285 351 1337 maior
391 1285 507 1353 agit
544 1289 779 1338 mentem
822 1284 984 1337 solito
1025 1283 1176 1352 (10110,
1216 1285 1395 1352 ampla
1432 1286 1665 1352 patescit

180 1356 331 1410 Cirra
370 1358 506 1410 mihi
546 1361 600 1411 et
639 1359 771 1412 totis
815 1376 871 1410 se
912 1357 1144 1409 Helicon
1182 1357 1413 1426 inspirat
1452 1359 1519 1410 ab
1560 1359 1744 1411 antris.

254 1431 476 1501 Omnia,
516 1450 652 1501 quae
691 1431 924 1483 flammis
965 1431 1200 1499 pingunt
1238 1431 1571 1485 radiantibus
1613 1432 1871 1501 aethram,

177 1522 287 1557 nox
326 1506 440 1575 agit
479 1509 534 1557 et
571 1524 729 1558 uerso
772 1523 870 1558 ceu
908 1504 1016 1556 fixa
1054 1504 1347 1556 trahuntur
1387 1504 1636 1574 Olympo,

180 1581 236 1630 at
274 1597 385 1632 non
426 1583 615 1632 cuncta
654 1582 842 1632 tamen
881 1578 1158 1646 signorum
1199 1578 1259 1629 in
1299 1578 1417 1648 lege
1457 1580 1719 1648 putanda,

179 1671 302 1720 pars
342 1653 578 1706 numeris
619 1657 673 1705 et
711 1653 916 1705 honore
957 1654 1116 1704 caret.
1193 1651 1358 1704 micat
1396 1653 1647 1705 omnibus
1687 1653 1829 1722 ignis

182 1729 234 1777 et
272 1727 435 1779 rutilo
476 1727 681 1779 cunctis
722 1726 920 1795 flagrat
960 1743 1112 1778 coma
1149 1725 1398 1778 flammea
1437 1726 1604 1795 crine,

181 1799 272 1852 sed
313 1800 439 1869 quia
476 1819 588 1853 non
627 1802 774 1854 certa
813 1799 1107 1851 formarum
1147 1799 1203 1850 in
1243 1799 1360 1851 11100
1399 1802 1656 1852 notantur

300 2007 355 2047 60
395 2017 486 2058 qua
525 2004 659 2060 parte
699 2016 720 2047 e
757 2001 875 2058 quas
908 2003 1008 2045 arte
1045 2001 1130 2044 VA
1283 2006 1338 2046 62
1379 2003 1629 2048 umbrifero
1662 2004 1738 2048 Ae
1773 2019 1872 2048 um-

178 2060 363 2117 bripero
406 2061 449 2105 V
596 2067 650 2106 63
691 2061 875 2118 palanti
915 2059 1104 2105 Grotius
1141 2061 1321 2116 palenti
1359 2060 1403 2105 V
1435 2061 1630 2118 pallenti
1662 2065 1741 2107 Ae
1771 2064 1872 2119 pal·

178 2119 299 2163 lanti
339 2119 383 2163 V
500 2125 556 2165 64
587 2134 706 2175 quae
739 2119 784 2164 A
817 2133 903 2175 que
942 2118 1003 2163 Ve
1117 2124 1171 2164 65
1206 2119 1358 2164 efferri
1388 2120 1434 2163 A
1466 2119 1578 2164 eferi
1618 2122 1662 2165 V
1689 2121 1816 2166 efferi
1847 2136 1868 2166 e

180 2183 236 2222 66
276 2177 411 2222 Musa
449 2180 502 2222 ut
533 2178 778 2236 Cecropios
817 2192 843 2222 v
883 2177 988 2221 Mus
1021 2179 1104 2222 aut
1150 2179 1287 2222 autce
1327 2179 1510 2235 cropios
1550 2180 1594 2223 V
1622 2181 1756 2225 Musa
1790 2182 1873 2225 aut

182 2237 425 2293 Cecropios
464 2237 508 2280 A
547 2237 650 2281 Mus
692 2239 772 2281 aut
811 2236 1042 2292 ceoiopios
1083 2250 1104 2280 e
1140 2238 1156 2293 ΙΙ
1194 2238 1433 2294 raperetur
1476 2237 1590 2282 VAe
1631 2240 1871 2295 superaret

184 2294 375 2340 Grotius
411 2297 650 2352 repararet
688 2296 747 2340 R.
789 2295 936 2350 Unyer
976 2296 1032 2349 cf.
1065 2296 1215 2351 praef.
1242 2310 1291 2352 Ρ.
1327 2296 1462 2339 XVI
1577 2303 1631 2342 67
1664 2298 1790 2342 furor
1835 2294 1877 2341 V

180 2354 315 2398 fauor
346 2355 421 2398 Ae
451 2357 467 2411 ΙΙ
499 2368 637 2399 uersu
667 2369 693 2400 v
725 2353 808 2397 fissi
847 2354 891 2398 V
915 2368 1100 2397 uersum
1132 2353 1209 2397 Ae
1323 2361 1377 2399 68
1411 2357 1623 2412 tempora
1647 2357 1723 2400 Ae
1754 2359 1870 2401 tem·

180 2425 295 2468 pera
335 2413 379 2456 V
518 2419 572 2457 69
605 2412 810 2458 1101111010
843 2412 888 2456 A
920 2413 1136 2456 ueniuolo
1176 2413 1220 2457 V
1245 2414 1340 2458 ueli
1372 2414 1478 2458 uolo
1511 2429 1533 2459 e
1680 2420 1733 2459 70
1765 2415 1874 2459 uiti-

185 2485 318 2515 como
360 2471 444 2514 VA
478 2472 591 2516 uicti
625 2485 754 2516 como
787 2485 808 2515 e
938 2476 991 2515 71
1025 2471 1156 2527 adyti
1187 2472 1264 2516 Ae
1295 2472 1444 2516 additi
1486 2473 1528 2516 V
1658 2479 1711 2518 76
1746 2473 1876 2518 Cirra

182 2530 351 2585 scripsi
380 2530 511 2574 Circa
551 2531 594 2574 V
622 2530 796 2587 Cyrrha
825 2530 870 2573 A
904 2529 1072 2574 Circha
1111 2544 1132 2574 e
1168 2530 1330 2575 Cirrha
1367 2544 1393 2574 v
1432 2532 1448 2587 ΙΙ
1486 2545 1534 2575 se
1576 2532 1637 2576 Ve
1667 2546 1750 2577 om.
1782 2532 1828 2575 A
1863 2532 1909 2590 Η.

184 2588 381 2632 Helicon
404 2588 601 2644 inspirat
625 2604 646 2632 e
671 2590 822 2634 elicon
845 2588 1041 2645 inspirat
1067 2588 1351 2633 VHelicon'
1338 2603 1377 2633 1s
1395 2590 1542 2646 spirat
1558 2592 1603 2633 A
1664 2606 1708 2635 u.
1728 2594 1756 2635 7
1761 2595 1788 2635 7
1804 2593 1875 2635 in·
1938 2593 1940 2602 ¹

185 2647 401 2691 scribitwr
426 2646 660 2692 ARCTOG
696 2648 738 2691 V
757 2647 922 2690 Arctos
946 2648 1022 2690 Ae
1064 2653 1117 2691 77
1150 2648 1358 2691 aethram
1383 2662 1405 2691 e
1427 2662 1510 2692 om.
1543 2648 1626 2693 VA
1688 2654 1744 2693 80
1768 2663 1875 2706 pars

186 2704 428 2750 Schraderi
473 2708 820 2751 commentarius
856 2706 1189 2750 Berolinsensis
1236 2707 1292 2760 cf.
1334 2706 1521 2753 Heomes
1564 2708 1667 2752 XV
1695 2724 1741 2762 p.
1783 2712 1873 2753 183

186 2777 230 2806 π.
266 2767 324 2807 54
355 2779 463 2809 nam
506 2765 626 2809 VAe
747 2770 801 2810 82
834 2762 881 2807 in
923 2764 1041 2809 VAe
1071 2765 1235 2809 deleuit
1266 2765 1453 2810 Grotius
