1940 3072
660 217 667 222 2
737 182 780 224 v
807 146 1050 225 233-300
1132 178 1135 181 ’
1342 146 1348 213 {
1633 181 1700 234 19

9 264 89 339 ‘3³¹-
107 272 121 338 s
199 270 402 359 Diuitis
425 307 610 374 optata
631 306 935 374 praesentia
956 306 1170 359 turbida
1194 305 1381 361 rostris

32 587 55 599 K

15 603 26 658 {s
94 597 180 637 270
203 585 343 641 Ecce
366 586 723 655 triumphaIiS,
748 587 1108 656 metuendum,
1134 587 1364 654 dextera,
1391 588 1593 640 ferrum

199 375 454 446 Adparet.
506 376 805 429 conclamat
827 377 1009 445 inops:
1038 377 1329 432 succurrite
1354 377 1521 446 ciues,

202 445 351 500 Ciuis
375 445 525 499 adest
550 446 821 499 uiolentus
846 450 998 500 atrox
1022 465 1141 499 mea
1166 447 1277 500 fata
1301 447 1578 516 requirens

203 515 372 578 Quem
395 516 535 568 nihil
553 516 752 569 offendi
776 517 881 569 nisi
900 517 1043 586 quod
1061 536 1179 570 sum
1197 535 1402 586 pauper
1421 518 1696 570 honestus
1782 554 1789 556 -

201 656 273 710 Id·
289 656 432 725 quod
455 657 513 709 in
538 657 761 709 hostiles
786 658 1000 727 iugulos
1026 675 1091 710 ex
1115 658 1246 710 urbe
1271 657 1462 724 tulisti,

201 726 268 780 In
291 727 467 795 patria
491 745 739 780 reuocare
764 728 939 780 uelis?
974 746 1042 780 ne
1069 728 1275 780 uiscera
1299 728 1486 780 matris

202 797 557 867 Transadigas
583 797 778 867 gladic,
803 798 1001 850 laceres
1025 815 1094 850 ne
1120 799 1360 850 membra
1382 797 1620 866 parentis

203 866 355 929 Quae·
374 870 428 920 te
452 868 748 936 palmiferis
774 867 955 920 docuit
979 885 1292 920 concurrere
1316 864 1454 921 telis,

12 951 50 1007 js>
96 948 180 988 275
205 937 373 990 Parce
397 955 602 1006 precor,
629 938 827 991 ferrata
852 957 1058 1005 manuS‚
1087 938 1269 990 ciuilia
1294 938 1433 991 colla

202 1007 288 1062 Ne
312 1007 472 1060 ferias
499 1026 634 1077 quae
659 1026 842 1061 mucro
867 1012 992 1061 tuus
1018 1008 1256 1061 defendit
1281 1010 1347 1060 ab
1372 1007 1542 1061 hoste.

35 1086 41 1092 ⁴
111 1130 116 1132 1
205 1078 289 1131 Sit
310 1077 485 1147 pudor
509 1082 669 1147 atque
693 1079 845 1131 nefas
873 1079 1187 1148 extinguere
1211 1079 1417 1147 proelia
1443 1096 1629 1146 campo

204 1147 278 1202 Et
299 1152 498 1201 mortes
522 1148 812 1202 transferre
836 1149 974 1204 foro.
1026 1150 1261 1201 lamenta
1284 1149 1496 1202 minora
1723 1165 1771 1209 [p.
1794 1163 1850 1207 201

207 1217 484 1272 Credimus
508 1218 708 1286 audim,
736 1219 890 1272 dolor
914 1223 995 1272 est
1018 1223 1254 1287 spectare
1282 1219 1574 1286 cadentem,

99 1299 184 1340 280
209 1288 422 1342 Funera
446 1292 558 1342 siue
585 1289 752 1342 oculis
777 1291 963 1342 uiuum
988 1289 1183 1342 uidisse
1210 1290 1435 1342 cadauer

207 1358 340 1412 Cum
366 1360 534 1428 gemit
559 1363 612 1412 et
635 1360 868 1422 moriens
892 1359 1258 1412 tremibundos
1283 1359 1514 1428 palpitat
1538 1362 1700 1412 artus,

207 1428 448 1499 Mugitus
474 1447 607 1498 quos
632 1430 723 1482 ille
750 1430 898 1482 dabit
921 1449 1017 1498 per
1042 1430 1256 1482 moenia
1279 1447 1498 1498 pauper,

209 1498 346 1553 Cum
370 1500 535 1569 uulgo
557 1503 830 1568 spectante
856 1500 1022 1569 cadet,
1051 1518 1172 1552 cum
1197 1500 1434 1552 membra
1460 1517 1648 1552 cruore

206 1570 505 1623 Perfundat
528 1570 862 1639 moribunda,
890 1571 1003 1623 solo
1029 1588 1150 1623 cum
1174 1569 1384 1622 mordet
1409 1588 1640 1622 arenam.

101 1650 184 1692 285
204 1640 488 1710 Anguibus
513 1640 832 1709 implicitum
856 1641 1037 1693 credas
1061 1640 1336 1693 Laoconta
1361 1643 1679 1710 gementem.

209 1710 297 1763 Sic
323 1711 473 1763 decet
498 1714 559 1763 ut
581 1711 738 1764 fortis
762 1712 930 1764 lassos
955 1715 1015 1763 ut
1040 1711 1188 1763 diues
1215 1715 1449 1780 egenteS,

210 1780 368 1833 Ciues
394 1781 526 1833 ciuis
551 1799 709 1849 ameS,
736 1785 829 1834 aut
853 1782 929 1834 sic
955 1780 1258 1834 defenditur
1282 1781 1467 1832 insons
1482 1780 1509 1831 P

211 1850 268 1904 Si
293 1869 481 1903 uocem
507 1851 790 1904 simulacra
814 1852 1017 1918 darent,
1042 1855 1136 1903 tua
1161 1851 1316 1920 signa
1340 1853 1595 1919 rogarent

209 1920 283 1973 Et
307 1921 461 1974 dolor
486 1921 588 1974 ista
613 1922 761 1974 daret
786 1922 1038 1973 deflendis
1064 1921 1229 1973 uerba
1254 1920 1509 1989 querelis:

20 2037 31 2045 ..
105 2002 190 2041 290
217 1996 231 2019 ³
247 1990 348 2044 Dic
372 1991 583 2044 iuuenis
610 1991 773 2060 diueS,
799 1993 1002 2060 patriae
1030 1991 1112 2043 dic
1136 1990 1292 2043 fortis
1319 1993 1539 2058 amator,

0 2743 16 2962 ῑ-

0 2980 17 3071 1}

214 2060 270 2114 Si
294 2079 497 2130 pauper
520 2080 642 2114 reus
669 2067 763 2130 est,
789 2066 883 2114 tua
908 2061 1036 2131 quid
1059 2061 1302 2129 peccauit
1326 2061 1504 2129 imago

213 2130 444 2184 Uirtutis
469 2137 818 2185 monumenta
840 2136 979 2199 tuae,
1007 2131 1135 2201 quid
1159 2131 1310 2183 testis
1335 2130 1603 2183 honorum

213 2201 492 2254 Temnitur
517 2206 571 2255 et
594 2204 797 2271 patriae
822 2203 1107 2255 foedantur
1131 2201 1344 2254 moenia
1368 2199 1622 2253 nostrae?
1640 2204 1656 2227 '

214 2271 361 2324 Haec
386 2273 790 2326 simulacrorum
814 2292 920 2325 uox
949 2276 1041 2340 est,
1068 2272 1375 2340 patriaeque
1402 2270 1663 2340 gementis

108 2352 191 2392 295
216 2342 362 2394 Audi
387 2343 552 2395 uerba
574 2347 698 2395 tuae
726 2344 944 2395 ‘merito
970 2346 1024 2395 te
1048 2343 1189 2394 laeta
1215 2342 1406 2408 creaui,

215 2411 486 2464 Infantem
511 2414 715 2482 gremio
742 2414 908 2480 tenui,
935 2411 1092 2465 simul
1117 2412 1282 2464 ubera
1306 2429 1472 2479 paruo

216 2480 359 2535 Urbs
383 2485 552 2535 mater
576 2483 913 2535 tremibunda
937 2482 1056 2535 dedi
1082 2482 1345 2534 cunabula
1370 2484 1658 2549 praestanS,

218 2551 388 2613 Quem
412 2557 804 2620 praetextatum
829 2553 1015 2605 iaculis
1042 2551 1325 2620 proludere
1350 2551 1498 2617 iussi,

215 2621 466 2691 Impubes
491 2623 597 2675 iam
622 2624 778 2676 fortis
805 2641 936 2690 eras,
961 2623 1195 2674 inuictus
1222 2622 1432 2674 adultus

113 2702 197 2742 300
219 2691 292 2745 Et
315 2692 525 2745 iuuenis
550 2694 738 2746 uictor,
790 2694 879 2745 sed
904 2711 972 2745 ne
995 2691 1273 2744 fraudatus
1299 2691 1473 2743 abires

227 2821 309 2861 268
334 2835 402 2866 ,απ
440 2820 572 2862 diues
609 2823 901 2863 scribendum?
1015 2822 1098 2861 274
1137 2831 1356 2860 concurre
1471 2819 1555 2859 280
1594 2819 1691 2858 sine

114 2919 198 2959 286
228 2883 379 2959 laelios
409 2884 543 2959 fdrtis
658 2920 740 2961 288
769 2924 1014 2972 rogassent

1327 2984 1384 3026 2*
