1940 3072
95 468 182 508 410

92 836 177 876 415

93 1205 180 1245 420

89 1573 174 1612 425

87 1941 175 1980 430

877 116 1236 169 ..18—

212 234 423 288 Cretaei
461 234 685 303 pecoris,
753 233 887 286 haec
924 233 1009 287 lac
1047 235 1377 286 memoratur
1416 232 1634 284 alumno

211 308 470 361 infudisse
509 307 630 361 Ioui
669 325 884 376 capra,
922 306 1104 359 nutrix
1143 307 1286 359 dicta
1322 305 1582 359 tonantis,

214 381 489 452 stelligero
533 381 790 434 subuecta
829 381 954 450 polo
995 383 1100 450 est,
1137 381 1227 433 ille
1265 380 1477 449 inpiger
1516 381 1694 432 autem

213 455 437 524 pulcher
468 455 855 508 Erichthonius
895 473 1081 508 currus
1122 457 1176 507 et
1213 455 1469 522 quattuor
1508 452 1637 505 olim

214 529 390 582 iunxit
429 547 618 598 equOS,
655 546 857 597 pronus
896 528 989 597 qui
1026 546 1137 581 non
1175 527 1363 596 procul
1402 527 1460 579 in
1499 525 1837 596 geminorum

212 603 370 655 laeua
408 602 550 655 iacet
586 602 814 672 fusoque
854 619 1013 670 super
1052 619 1108 655 se
1149 619 1373 670 corpore
1410 600 1585 653 tendit

213 676 475 745 plurimus
515 675 687 745 adque
726 675 941 729 Helices
981 678 1143 744 caput
1179 675 1471 728 inclinatur
1509 674 1577 727 ab
1618 691 1723 728 ore.

212 750 302 802 ille
336 750 551 819 quidem
582 750 640 802 in
673 750 908 819 spatium
932 750 1174 802 membra
1198 749 1447 818 explicat,
1477 751 1537 801 ut
1562 766 1723 817 capra
1746 748 1902 801 laeuo

189 825 317 876 -fixa
355 841 540 876 umero
580 824 722 877 clare
762 824 1085 892 sustollitur,
1125 823 1294 892 ipsius
1335 827 1514 875 autem

210 898 315 950 fine
355 916 547 950 manus
586 916 784 967 paruas
823 897 1170 951 haedorum
1210 896 1421 965 suspice
1459 896 1720 949 flammas,

211 971 303 1040 qui
341 973 631 1040 postquam
672 970 884 1024 Oceano
927 989 1040 1024 sese
1081 971 1360 1040 expediere
1400 988 1621 1039 sonor0‚

213 1063 376 1097 saeua
413 1045 731 1113 procellosis
769 1044 1054 1098 inmittunt
1090 1044 1262 1097 flabra
1299 1044 1512 1096 fluentis
1522 1085 1536 1113 ,

210 1122 271 1171 ut
311 1137 564 1187 spumosa
602 1119 741 1171 truci
780 1119 1060 1187 pulsentur
1096 1119 1259 1172 litora
1296 1118 1462 1170 fluctu

214 1195 267 1245 et
305 1209 447 1261 uaga
486 1193 756 1245 caeruleas
795 1193 1082 1246 inuoluant
1121 1210 1353 1261 aequora
1392 1209 1616 1260 puppes

285 1264 399 1318 Nec
438 1266 616 1319 minus
657 1266 876 1336 aurigae
917 1285 1023 1336 qua
1062 1268 1189 1319 sunt
1227 1266 1460 1335 uestigia
1498 1265 1672 1334 curui,

211 1340 477 1410 cornigeri
515 1340 625 1392 late
664 1340 961 1393 tenduntur
997 1342 1216 1409 pectora
1255 1340 1446 1392 tauri.

210 1412 322 1465 illic
363 1417 631 1466 saetosam
670 1414 881 1482 pecoris
921 1414 1226 1483 perquirere
1265 1413 1500 1465 frontem

212 1489 327 1539 esto
369 1505 596 1554 memor,
635 1487 772 1540 flexo
811 1488 952 1540 iacet
990 1487 1106 1540 illic
1146 1505 1319 1555 crure,
1359 1487 1593 1538 minaces

207 1560 264 1612 in
302 1562 500 1612 terram
538 1560 709 1630 figens
751 1561 950 1615 oculos,
1018 1579 1131 1613 non
1169 1563 1349 1613 cetera
1388 1560 1545 1629 signa

206 1633 543 1686 flammarum
585 1635 814 1686 similem
852 1636 1041 1703 procul
1080 1634 1221 1687 inter
1261 1633 1437 1687 sidera
1474 1634 1705 1687 formam

208 1710 478 1760 ostentare
518 1708 717 1760 ualent.
793 1708 1011 1776 gemino
1054 1709 1129 1761 sic
1169 1726 1370 1761 cornua
1407 1707 1567 1760 ductu

207 1781 368 1851 erigit
410 1781 634 1834 aetherii
674 1782 831 1852 uigor
869 1783 1013 1851 ignis
1055 1785 1110 1835 et
1147 1782 1288 1852 ignis
1326 1782 1594 1850 utrimque

208 1855 284 1907 sic
323 1855 554 1907 camuris
595 1856 748 1908 ardet
785 1855 1173 1925 protractibuS,
1211 1855 1345 1908 haut
1382 1855 1483 1908 tibi
1523 1855 1694 1924 signis

206 1928 562 1997 perquirenda
602 1929 720 1981 aliis
761 1931 969 1997 pecoris
1008 1929 1156 1982 frons
1198 1947 1427 1998 aequore
1469 1932 1653 1998 surget

208 2000 420 2054 Oceani.
495 2003 713 2071 proprio
754 2007 968 2055 taurum
1009 2002 1349 2072 deprenderis
1391 2020 1503 2071 ore,

323 2122 409 2161 407
444 2116 625 2162 Cretaei
655 2117 836 2174 pecoris
867 2131 893 2162 v
927 2116 1063 2162 Crete
1094 2117 1192 2174 ipse
1227 2118 1345 2162 coris
1381 2117 1425 2161 V
1445 2117 1580 2177 Crete
1611 2116 1711 2174 ipse
1744 2117 1897 2163 choris

204 2176 249 2218 A
289 2175 455 2220 Craetei
494 2176 673 2233 pecoris
713 2191 734 2221 e
772 2178 788 2233 ΙΙ
825 2178 942 2221 haec
980 2191 1006 2220 v
1045 2176 1122 2220 hic
1168 2176 1285 2221 VAe
1420 2181 1505 2221 409
1547 2177 1617 2221 est
1656 2176 1700 2220 V
1734 2189 1815 2221 om.
1849 2176 1896 2220 A

204 2238 292 2277 410
323 2234 656 2280 Erichthonius
687 2236 733 2279 A
764 2235 1029 2280 Erictonius
1070 2235 1115 2278 V
1244 2240 1329 2279 411
1362 2235 1514 2279 iunxit
1553 2235 1596 2279 V
1622 2235 1775 2292 iungit
1804 2236 1849 2279 A
1883 2237 1896 2293 ξΙ

205 2292 285 2349 qui
307 2307 400 2337 non
424 2308 450 2337 v
475 2307 557 2338 om.
594 2294 710 2339 VAe
780 2299 865 2338 415
891 2294 1155 2339 sustollitur
1188 2293 1233 2338 V
1252 2293 1547 2339 substollitur
1570 2295 1614 2338 A
1676 2298 1762 2338 418
1787 2309 1893 2351 pro-

206 2351 387 2396 cellosis
426 2352 469 2395 V
502 2354 755 2409 procelosis
787 2355 832 2397 A
983 2358 1070 2398 420
1109 2368 1288 2410 puppes
1327 2367 1348 2396 e
1379 2367 1559 2410 ppupes
1600 2353 1644 2396 V
1669 2367 1816 2410 pupes
1847 2354 1894 2397 A

204 2426 248 2454 u.
288 2415 381 2456 421
421 2413 693 2457 inscribitur
725 2411 967 2457 TAVRVS
1010 2412 1095 2456 VA
1216 2417 1302 2456 423
1343 2414 1575 2456 saetosam
1615 2413 1792 2456 correxi
1827 2427 1894 2457 se-

204 2473 389 2513 tonsam
428 2470 472 2513 V
497 2473 697 2515 setosam
729 2472 775 2515 A
896 2476 983 2515 425
1014 2472 1159 2528 figens
1191 2473 1236 2514 A
1268 2472 1446 2527 fingens
1489 2470 1531 2514 V
1557 2472 1573 2527 ΙΙ
1607 2484 1697 2515 non
1728 2472 1895 2527 scripsi

204 2529 260 2581 ef.
294 2528 483 2574 Hermes
517 2530 639 2573 XII
663 2544 713 2586 p.
746 2534 835 2574 153
867 2544 911 2573 n.
944 2535 1007 2574 18
1039 2532 1140 2574 tum
1181 2530 1297 2574 VAe
1416 2535 1501 2574 428
1540 2530 1675 2586 uigor
1705 2529 1895 2575 Grotius

202 2586 331 2642 rigor
379 2588 463 2631 VA
614 2593 699 2633 429
742 2589 808 2633 sic
850 2589 1045 2632 camuris
1084 2603 1109 2633 v
1151 2588 1295 2633 Sicca.
1336 2590 1477 2631 muris
1526 2588 1568 2632 V
1603 2587 1640 2632 si
1681 2590 1894 2645 (correoeit

203 2659 256 2689 m.
294 2646 338 2700 1)
373 2647 604 2691 chamuris
635 2649 681 2691 A
715 2648 763 2691 Si
795 2648 992 2691 camuris
1025 2662 1046 2691 e
1076 2649 1091 2703 ΙΙ
1121 2648 1237 2691 haut
1268 2648 1445 2692 correxi
1476 2647 1586 2691 audi
1615 2647 1658 2691 V
1690 2649 1771 2691 aut
1801 2649 1846 2691 A
1878 2648 1894 2706 ΙΙ

202 2703 290 2747 tibi
333 2704 375 2747 V
403 2705 468 2749 ibi
500 2707 545 2749 A
652 2712 738 2750 430
772 2706 874 2750 aliis
905 2706 1085 2763 pecoris
1127 2706 1170 2750 V
1198 2706 1301 2750 aliis
1332 2706 1401 2750 fro
1435 2707 1616 2761 (deleuit
1645 2721 1700 2750 m.
1734 2708 1778 2762 1)
1811 2719 1891 2762 pe-

204 2763 321 2805 coris
354 2764 398 2805 A
438 2767 452 2820 ss
493 2778 691 2820 aequore
724 2767 882 2820 surget
912 2766 957 2808 A
991 2779 1138 2820 aequo
1170 2766 1381 2821 resurget
1421 2764 1464 2808 V
1579 2769 1661 2808 431
1698 2765 1890 2821 depren-

203 2819 324 2863 deris
356 2835 381 2864 v
415 2823 501 2878 des
508 2823 627 2868 deris
670 2824 711 2868 V
739 2823 1097 2880 deprehenderis
1126 2824 1171 2867 A
1204 2823 1571 2880 depraehenderis
1604 2838 1624 2867 e
