1940 3072
569 152 572 158 ’
645 203 648 209 ‚
671 172 1068 216 sAT1srAc'r10
1138 137 1143 141 ⁷
1609 144 1681 226 85

255 297 334 353 Ut
357 298 502 351 canit
525 297 591 351 ad
615 297 845 368 populos
869 297 1277 368 pagina-sancta
1300 298 1401 367 dei,

185 368 470 438 Sacrilegis
493 368 731 421 referens
756 368 1006 422 caelestia
1028 369 1147 421 iura
1171 369 1399 422 cateruis

200 501 202 503 ,
255 437 476 493 Cinctus
500 439 797 508 apostolica
820 438 1172 507 discipulante
1194 457 1374 492 manu.

80 518 161 561 155
184 507 384 563 Nonne
410 508 495 561 dei
519 512 804 578 praecepta
827 508 1017 561 iubent
1039 526 1108 561 ne
1134 509 1216 562 sol
1242 509 1396 562 cadat
1423 510 1631 562 intrans

0 579 12 591 ⁴
254 579 525 632 Irascente
550 579 656 632 alio
683 579 774 632 sed
797 579 919 648 pius
945 582 1090 631 extet
1113 579 1316 632 homo?

182 648 300 703 Rex
323 649 666 702 inimicorum
691 649 891 719 iugulis
915 666 1170 702 mucrone
1195 650 1436 719 pepercit

251 718 432 772 Dauid
456 723 511 772 et
533 719 622 771 hic
648 719 860 772 sceleris
886 722 1060 772 certus
1087 719 1297 772 adulter
1320 720 1486 773 inest:

185 788 476 843 Confessus
499 789 709 842 facinus
740 790 950 842 ueniam
974 807 1072 858 pro
1102 789 1249 842 clade
1274 793 1509 843 meretur

0 855 9 911 Ϊ,
79 870 164 912 160
257 858 313 913 N
314 860 467 912 oxius
491 860 712 929 impune
735 860 823 912 uel
849 859 963 912 sine
988 862 1161 912 morte
1186 877 1324 912 reuS.

181 929 410 999 Insuper
435 933 489 982 et
514 929 769 983 Salomon
795 930 978 982 eadem
1003 930 1227 982 muliere
1254 932 1463 982 creatus

257 998 403 1062 Quae
429 1001 599 1052 scelus
624 1001 859 1053 ammisit
882 1018 1075 1052 munus
1099 1000 1321 1053 honoris
1345 1000 1530 1055 habet:

183 1068 313 1123 Non
337 1071 400 1122 fit
423 1071 724 1123 Abessalon
748 1070 903 1123 heres
930 1071 993 1122 de
1019 1071 1248 1140 coniuge
1273 1073 1448 1138 natus,

39 1194 42 1196 .
257 1138 361 1193 Sed
385 1141 599 1193 sceleris
624 1141 830 1194 fructus
856 1144 1065 1209 sceptra
1088 1146 1313 1209 paterna
1337 1144 1502 1193 tenet.

79 1220 163 1260 165
185 1209 326 1263 Ecce
353 1211 480 1279 quid
505 1211 768 1279 impendit
790 1211 932 1279 patri
957 1211 1242 1263 clementia
1264 1229 1488 1279 parcens

254 1279 333 1333 Ut
356 1280 459 1333 sibi
484 1298 653 1350 regna
678 1281 827 1333 daret
851 1284 913 1334 ut
938 1281 1087 1333 daret
1112 1284 1166 1333 et
1191 1281 1382 1333 suboli.

183 1350 306 1419 Ipse
332 1351 672 1404 inimicorum
698 1350 956 1404 Salomon
981 1369 1093 1404 non
1120 1351 1258 1404 colla
1281 1351 1530 1419 poposcit

255 1420 400 1472 Dum
424 1424 630 1489 peteret
654 1422 946 1490 dominum,
974 1422 1066 1473 sed
1091 1421 1346 1490 sapientis
1373 1439 1529 1489 opem
1550 1439 1561 1471 :

155 1535 159 1541 .
182 1489 381 1544 Extitit
404 1490 492 1543 hic
517 1491 752 1560 prudens
778 1492 905 1560 quia
928 1492 1106 1544 noluit
1132 1509 1244 1544 esse
1270 1494 1521 1544 cruentus

79 1571 162 1612 170
257 1561 622 1630 Pacificusque
648 1562 752 1615 fuit
776 1562 1092 1631 consiliique
1113 1565 1290 1614 tenax.

184 1629 490 1700 Stephanus
509 1635 633 1685 ante
660 1633 794 1685 alios
820 1632 1059 1701 lapidum
1085 1633 1182 1685 sub
1203 1631 1464 1701 grandine
1485 1634 1689 1700 martyr

253 1701 515 1754 Hostibus
542 1703 730 1756 orabat
756 1706 946 1771 sponte
973 1703 1082 1755 suis
1108 1703 1339 1755 ueniam.

183 1770 332 1824 Haec
355 1772 500 1825 bona
524 1773 836 1841 simplicitas
860 1776 1097 1842 praestat
1120 1774 1303 1825 ieiuna
1328 1773 1557 1825 cruoris:

255 1841 358 1894 Uir
382 1843 496 1895 sine
521 1846 694 1895 morte
720 1860 911 1912 gerens
935 1843 1015 1895 nil
1040 1843 1202 1896 habet
1226 1843 1339 1911 ipse
1364 1843 1526 1894 necis.

80 1921 161 1963 1⁷5
188 1910 384 1965 Caesar
407 1913 605 1981 ubique
630 1916 821 1981 potens
847 1913 990 1966 hosti
1014 1916 1138 1981 post
1161 1913 1305 1965 bella
1326 1911 1583 1981 pepercit,

255 1981 328 2035 Et
353 1984 495 2051 quod
522 1986 636 2036 erat
659 1984 811 2052 peius
838 1984 970 2035 ciuis
998 1987 1051 2035 et
1074 1982 1245 2036 hostis
1272 1985 1410 2035 erat:

186 2051 390 2121 Sponte
415 2053 725 2106 facultatem
750 2053 1034 2106 redhibens
1059 2053 1330 2122 reparauit
1352 2052 1602 2120 honoreS‚

256 2122 388 2176 Inde
414 2127 637 2177 uocatus
662 2125 774 2177 abit
800 2124 992 2194 dignus
1017 2124 1222 2176 honore
1249 2123 1349 2175 dei.

76 2294 350 2346 interpolatis
384 2296 550 2348 leyitur.
612 2297 809 2336 uidentur
846 2301 981 2335 autem
1015 2302 1117 2348 post
1151 2296 1258 2335 laune
1296 2307 1459 2334 uersum
1493 2294 1693 2333 nonnulla

74 2351 282 2403 periisse,
323 2364 416 2391 nam
453 2353 495 2391 in
524 2352 793 2405 sequentibus
829 2353 882 2392 de
914 2351 1081 2393 Christo
1118 2352 1260 2402 aqitur
1376 2351 1456 2390 155
1486 2350 1542 2401 cf.
1575 2349 1691 2389 Pau-

78 2408 160 2447 lum
189 2407 249 2446 ad
276 2406 438 2458 Ephes.
458 2409 501 2460 4,
524 2409 578 2447 26
608 2409 883 2448 Dracontium
911 2409 955 2451 d.
986 2409 1066 2448 deo
1097 2407 1165 2447 111
1196 2409 1279 2447 599
1396 2407 1475 2446 157
1507 2403 1689 2458 populis

77 2463 328 2515 interpolati
365 2469 406 2504 et
444 2464 658 2504 Areualus
802 2465 882 2504 160
924 2475 1024 2503 reus
1070 2477 1128 2504 ex
1170 2463 1440 2515 interpolatis
1477 2462 1691 2502 Areualus

77 2519 304 2570 suppleuit.
341 2521 523 2571 spatium
552 2534 655 2562 uero
686 2522 728 2560 in
752 2520 960 2560 Uaticano
991 2521 1135 2560 codice
1166 2521 1331 2559 uidetur
1362 2519 1550 2558 relietum
1580 2529 1690 2567 esse,

78 2586 169 2614 cum
204 2575 555 2627 interpunctionis
594 2582 693 2617 nota
738 2590 820 2630 qua
858 2576 1038 2615 disticha
1075 2578 1242 2627 sinqula
1278 2576 1555 2615 terminantur
1589 2577 1692 2624 post

78 2633 221 2670 morte
250 2644 335 2672 non
364 2633 652 2685 conspiciatur
769 2633 848 2672 162
881 2631 1065 2671 admisit
1103 2633 1256 2671 editum
1373 2631 1452 2670 163
1484 2629 1544 2669 sit
1573 2641 1689 2669 corr.

79 2686 310 2729 Areualns.
358 2694 456 2728 sunt
482 2694 618 2730 autem
640 2689 662 2729 f
688 2695 728 2729 et
759 2702 779 2729 s
809 2690 960 2728 literae
991 2689 1262 2739 difficillimae
1293 2687 1493 2727 distinctu
1609 2683 1691 2724 165

7 2760 9 2762 ·
78 2743 229 2794 patris
257 2743 314 2795 cf.
338 2758 378 2788 u.
403 2745 482 2785 191
600 2746 680 2785 166
709 2750 760 2785 ut
790 2744 879 2785 sibi
910 2756 1050 2796 regna
1081 2744 1211 2783 daret
1242 2746 1289 2783 et
1315 2742 1399 2783 sub
1431 2741 1533 2781 nihil
1560 2743 1686 2780 ultra.

77 2798 167 2838 uid.
198 2799 257 2840 ad
283 2813 322 2840 u.
353 2801 447 2841 160.
475 2803 531 2840 ut
562 2801 693 2842 daret
722 2805 770 2841 et
810 2800 957 2841 soboli
990 2801 1202 2840 Areualus
1239 2797 1426 2839 restituit
1463 2810 1520 2837 ea:
1558 2799 1689 2836 inter-

77 2855 236 2906 polatis
350 2856 432 2897 174
464 2856 620 2898 furens
651 2858 901 2909 interpolati
929 2862 970 2896 et
1001 2857 1213 2897 Areualus
1330 2855 1409 2894 177
1441 2852 1687 2892 redhibens

80 2911 267 2963 parauit
295 2924 408 2956 corr.
441 2912 655 2954 Areualus
762 2913 842 2953 178
873 2912 972 2953 obit
1002 2912 1134 2952 diuus
1173 2911 1399 2965 proposuit
1428 2909 1588 2952 Buech.
