1940 3072
190 118 259 170 30
651 119 918 165 PHAEDRI
951 118 1323 165 FABVLARVM

192 245 361 308 Ignem
384 255 508 306 ergo
527 257 798 309 quaerenS‚
827 243 1013 308 aliquot
1036 243 1260 294 lustravit
1285 242 1474 299 domus.

192 313 510 379 Tandemque
535 315 748 371 invenit,
775 312 863 362 ubi
888 313 1140 362 lucernam
1166 314 1474 363 accenderet.
1797 359 1802 363 .

192 384 321 433 Tum
344 386 534 433 circum
560 384 696 432 eunti
721 383 886 432 fuerat
909 383 1040 448 quod
1065 385 1163 432 iter
1187 383 1395 446 longius,
1757 389 1787 434 τι

190 454 368 503 Effecit
390 453 616 503 brevius:
654 467 866 517 namque
891 459 1029 502 recta
1053 468 1146 517 per
1169 454 1332 503 forum

192 523 366 588 Coepit
388 523 573 572 redire.
623 521 686 571 Et
709 522 910 587 quidam
935 538 962 572 e
986 521 1132 572 turba
1156 523 1406 586 garrulus:

193 596 379 657 Aesope
395 632 406 652 ‚
434 592 598 642 medio
623 591 724 642 sole
750 592 869 657 quid
895 608 1007 642 cum
1031 593 1249 642 lumine?

189 663 475 719 Hominem,
502 663 687 727 inquit,
715 677 925 726 quaero,
955 668 1005 711 et
1029 661 1152 712 abiit
1175 663 1416 712 festinans
1441 662 1656 713 domum.

259 732 363 781 Hoc
388 734 431 782 si
456 731 690 781 molestus
715 732 796 781 ille
823 732 884 781 ad
909 734 1128 782 animum
1153 732 1360 789 rettulit,
1736 750 1789 792 10

192 802 358 851 Sensit
380 802 603 866 profecto
628 817 681 850 se
706 801 958 851 hominem
982 818 1080 851 non
1107 803 1265 851 visum
1291 804 1414 860 seni,

189 871 539 937 Intempestive
564 872 651 936 qui
683 879 919 937 occupato
946 872 1200 921 adluserit.

833 983 1142 1039 Poffimss

261 1081 536 1146 Supersunt
559 1081 684 1129 mihi
709 1095 834 1145 quae
860 1080 1100 1137 scribam,
1129 1081 1216 1130 sed
1241 1096 1388 1146 parco
1413 1083 1603 1140 sciens;

189 1151 411 1202 Primum
437 1165 543 1200 esse
569 1150 739 1199 videar
763 1165 826 1198 ne
851 1149 946 1199 tibi
971 1150 1238 1207 molestior,

188 1221 452 1284 Distringit
476 1235 623 1285 quem
648 1220 912 1269 multarum
937 1235 1108 1269 rerum
1132 1222 1372 1279 varietas:

189 1291 317 1340 Dein
342 1291 499 1355 siquis
523 1290 694 1338 eadem
720 1291 848 1338 forte
877 1292 1047 1339 conari
1071 1290 1205 1347 velit,

189 1360 384 1411 Habere
411 1366 466 1409 ut
489 1361 644 1424 possit
668 1359 853 1424 aliquid
878 1361 1044 1423 operis
1067 1360 1281 1409 residui:
1758 1368 1786 1409 5

189 1430 421 1488 Quamvis
445 1431 683 1478 materiae
707 1435 842 1479 tanta
867 1429 1087 1479 abundet
1111 1432 1267 1494 copia,

188 1500 371 1550 Labori
396 1498 537 1548 faber
563 1505 618 1548 ut
642 1499 796 1556 desit,
824 1514 923 1549 non
947 1498 1090 1549 fabro
1113 1499 1269 1548 labor.

189 1570 429 1620 Brevitati
453 1575 651 1618 nostrae
675 1570 952 1634 praemium
976 1575 1033 1618 ut
1055 1569 1257 1626 reddaS‚
1284 1575 1417 1634 peto,

188 1639 327 1698 Quod
354 1655 406 1689 es
430 1639 702 1704 pollicitus:
741 1638 920 1688 exhibe
946 1640 1079 1689 vocis
1102 1639 1265 1689 fidem.

189 1710 313 1760 Nam
338 1711 437 1759 vita
461 1710 608 1759 morti
632 1711 835 1774 propior
859 1715 936 1758 est
959 1709 1154 1766 cotidie,
1730 1723 1787 1764 10

188 1781 251 1830 Et
274 1780 367 1829 hoc
392 1781 556 1829 minus
579 1782 836 1843 perveniet
861 1779 921 1827 ad
946 1795 1025 1828 me
1053 1781 1287 1836 muneris,

144 1910 154 1915 ⁷,
189 1850 294 1908 Quo
319 1849 429 1915 plus
453 1855 711 1898 consumet
734 1850 973 1913 temporis
999 1848 1183 1898 dilatio.

155 1914 242 1971 “Si
269 1922 366 1969 cito
391 1934 496 1968 rem
522 1932 755 1984 perages,
783 1933 902 1969 usus
925 1919 1010 1968 fiet
1031 1919 1250 1982 longior:

188 1992 348 2041 Fruar
374 1990 586 2046 diutiuS,
615 1990 657 2037 si
683 1989 896 2038 celerius
921 2003 1114 2053 cepero.

186 2060 489 2123 Languentis
514 2060 620 2108 aevi
646 2059 761 2108 dum
787 2064 901 2108 sunt
924 2058 1115 2123 aliquae
1140 2058 1394 2122 reliquiae,
1728 2062 1783 2104 15

187 2129 382 2180 Auxilio
406 2129 543 2178 locus
567 2134 667 2177 est:
706 2128 822 2177 olim
848 2130 986 2178 senio
1012 2127 1227 2177 debilem

189 2200 393 2250 Frustra
417 2199 647 2247 adiuvare
671 2197 866 2247 bonitas
889 2199 1076 2247 nitetur
1099 2204 1197 2254 tua,

190 2270 310 2320 Cum
336 2271 434 2317 iam
460 2268 665 2317 desierit
689 2282 797 2316 esse
824 2267 1035 2316 benficio
1060 2267 1197 2317 utilis

190 2340 252 2388 Et
275 2353 409 2387 mors
431 2339 593 2386 vicina
617 2336 860 2401 flagitabit
888 2337 1124 2386 debitum.

191 2409 402 2459 Stultum
429 2407 686 2456 admovere
711 2406 803 2456 tibi
828 2421 1003 2471 preces
1029 2408 1272 2464 existimo,
1725 2413 1787 2453 20

189 2478 428 2527 Proclivis
451 2476 581 2526 ultro
607 2492 716 2525 cum
743 2478 806 2525 sit
835 2477 1191 2525 misericordia.

192 2548 346 2612 Saepe
371 2548 639 2610 inpetravit
662 2548 852 2595 veniam
879 2547 1131 2596 confessus
1154 2561 1296 2596 rens:

189 2616 379 2673 Quanto
403 2617 654 2665 innocenti
677 2617 857 2665 iustius
881 2616 1027 2665 debet
1055 2615 1193 2665 dari?

189 2686 323 2734 Tuae
350 2692 464 2734 sunt
487 2690 677 2750 partes:
703 2686 905 2735 fuerunt
929 2686 1135 2736 aliorum
1162 2686 1311 2746 prius.

189 2755 314 2804 Dein
339 2755 489 2804 simili
514 2769 634 2819 gyro
658 2758 855 2804 venient
879 2755 1086 2804 ariorum
1111 2755 1258 2802 vices.
1723 2758 1783 2798 25

188 2823 408 2875 Decerne
433 2825 564 2890 quod
588 2824 786 2887 religi0,
815 2825 942 2889 quod
968 2825 1154 2890 patitur
1178 2824 1314 2879 fides,
