1940 3072
730 198 908 242 LIBER
941 198 1022 244 ΠΙ.

660 357 701 405 F
713 356 812 405 AB
824 356 872 404 V
884 357 925 405 L
936 358 986 406 A
1020 357 1089 406 H.

412 445 803 486 PAN'I'HERA
832 445 924 486 12¹1·
953 445 1330 490 PASTORES.

145 529 282 579 Solet
306 544 334 578 a
365 529 612 594 despectis
635 545 727 594 par
750 531 932 579 referri
956 533 1130 594 gratia.

73 600 322 650 Panthera
346 600 619 664 inprudens
643 600 760 649 olim
784 602 838 650 in
862 601 1053 650 foveam
1079 601 1279 650 decidit.

77 670 254 719 Videre
279 676 523 732 agrestes:
564 670 648 720 alii
673 670 831 719 fustes
856 678 1145 734 congerunt,

74 740 170 790 Alii
196 746 403 789 onerant
426 741 581 789 saxis:
620 740 822 804 quidam
844 747 1014 788 contra
1038 741 1254 789 miseriti

72 809 332 859 Periturae
358 811 566 874 quippe,
595 811 818 873 quamvis
842 824 986 858 nemo
1011 809 1250 865 laederet,

72 878 254 928 Misere
278 894 479 944 panem,
507 886 564 927 ut
590 881 861 928 sustineret
885 880 1132 943 spiritum.

0 1010 4 1015 .
73 948 182 998 Nox
206 950 428 998 insecuta
454 957 553 998 est:
593 948 778 998 abeunt
803 950 966 998 securi
993 949 1208 1005 domum.

4 1043 11 1048 ’
74 1018 225 1076 Quasi
250 1020 503 1068 inventuri
529 1026 774 1083 mortuam
798 1019 1059 1083 postridie.

74 1092 136 1138 At
160 1088 267 1146 illa,
294 1090 426 1137 vires
450 1095 506 1138 ut
528 1089 707 1138 refecit
730 1089 1004 1152 languidas,

72 1158 239 1209 Veloci
265 1158 392 1208 saltu
415 1159 555 1207 fovea
580 1174 690 1208 sese
713 1158 896 1207 liberat

73 1229 137 1278 Et
160 1230 212 1279 in
239 1227 401 1278 cubile
427 1230 622 1277 concito
647 1235 881 1293 properat
912 1229 1087 1291 gradu.

74 1298 251 1348 Paucis
275 1297 453 1347 diebus
476 1300 787 1362 interpositis
811 1299 1046 1363 provolat,

74 1368 234 1418 Pecus
258 1367 496 1424 trucidat,
523 1370 657 1432 ipsos
680 1374 904 1432 pastores
928 1375 1088 1424 necat,

74 1438 137 1486 Et
161 1444 338 1487 cuncta
361 1443 558 1487 vastans
582 1440 737 1487 saevit
761 1439 890 1486 irato
914 1440 1108 1502 inpetu.

76 1507 201 1556 Tum
227 1507 324 1556 sibi
348 1509 602 1564 timenteS,
630 1510 716 1572 qui
741 1508 878 1557 ferae
903 1514 1249 1572 pepercerant,

75 1576 318 1627 Damnum
342 1577 473 1626 haud
498 1586 755 1635 recusant,
783 1584 974 1626 tantum
999 1593 1091 1642 pro
1115 1580 1217 1627 vita
1240 1583 1433 1641 rogant.

76 1651 138 1697 At
161 1647 269 1696 illa:
319 1646 521 1696 Memini
546 1649 633 1712 qui
659 1663 739 1697 me
765 1662 882 1696 saxo
907 1650 1124 1712 petierit,

75 1714 170 1774 Qui
195 1732 372 1782 panem
398 1717 615 1766 dederit:
655 1732 740 1766 vos
763 1719 941 1766 timere
967 1716 1220 1774 absistite;

76 1787 177 1835 Illis
202 1793 426 1835 revertor
451 1787 634 1844 hostis,
662 1789 748 1851 qui
773 1802 852 1835 me
877 1787 1144 1836 laeserunt.

657 1915 696 1961 F
709 1916 756 1961 A
766 1914 808 1960 B
819 1914 866 1959 V
875 1914 916 1961 L
928 1915 976 1961 A
1010 1914 1104 1961 ΠΙ.

463 1994 780 2036 AESOPVS
809 1995 901 2035 ET
930 1994 1294 2037 RVSTIGVS.

147 2067 247 2115 Vsu
272 2068 465 2130 peritus
490 2066 679 2115 hariolo
705 2066 923 2114 velocior

76 2135 230 2198 Vulgo
257 2151 364 2184 esse
390 2136 564 2192 fertur,
593 2151 740 2184 causa
766 2135 853 2183 sed
878 2150 975 2184 non
1002 2136 1202 2191 dicitur,

77 2205 312 2255 Notescet
336 2220 461 2270 quae
486 2220 619 2254 nunc
644 2207 862 2268 primum
886 2204 1064 2253 fabella
1090 2220 1216 2254 mea.

147 2274 359 2323 Habenti
386 2274 581 2324 cuidam
605 2290 786 2339 pecora
810 2281 1116 2339 pepererunt
1140 2289 1256 2323 oves

77 2346 243 2407 Agnos
266 2344 480 2393 humano
506 2346 681 2409 capite.
734 2344 951 2393 Monstro
978 2346 1245 2393 exterritus

78 2414 152 2463 Ad
177 2414 503 2463 consulendos
528 2415 686 2463 currit
709 2429 938 2464 maerens
962 2414 1195 2463 hariolos.

79 2483 170 2532 Hic
195 2485 448 2548 pertinere
474 2483 536 2532 ad
562 2484 748 2532 domini
772 2484 1040 2548 respondet
1065 2490 1212 2547 caput

78 2552 141 2602 Et
166 2553 486 2602 avertendum
510 2555 709 2602 victima
734 2554 1026 2617 periculum.

78 2622 162 2671 Ille
190 2629 355 2671 autem
381 2623 606 2672 adfirmat
631 2625 892 2686 coniugem
918 2638 1025 2671 esse
1052 2623 1325 2671 adulteram

79 2691 142 2741 Et
165 2694 386 2741 insitivos
412 2693 680 2755 significari
706 2692 907 2748 liberos,

80 2761 179 2809 Sed
204 2764 393 2826 expiari
419 2778 561 2826 posse
588 2764 775 2811 maiore
800 2762 977 2811 hostia.

81 2829 208 2886 Quid
234 2832 416 2880 multa?
454 2831 616 2881 Variis
641 2832 884 2880 dissident
910 2833 1172 2880 sententiis

81 2899 403 2965 Hominisque
430 2916 597 2950 curam
623 2917 739 2950 cura
764 2903 951 2950 maiore
977 2901 1260 2964 adgravant.

1609 193 1677 246 21

1624 1162 1681 1203 10

1627 1512 1679 1552 15

1628 2697 1683 2738 10
