<?xml version="1.0" encoding="UTF-8"?>
<!DOCTYPE html PUBLIC "-//W3C//DTD XHTML 1.0 Transitional//EN"
    "http://www.w3.org/TR/xhtml1/DTD/xhtml1-transitional.dtd">
<html xmlns="http://www.w3.org/1999/xhtml" xml:lang="en" lang="en">
 <head>
  <title>
</title>
<meta http-equiv="Content-Type" content="text/html;charset=utf-8" />
  <meta name='ocr-system' content='tesseract 3.04.00' />
  <meta name='ocr-capabilities' content='ocr_page ocr_carea ocr_par ocr_line ocrx_word'/>
</head>
<body>
  <div class='ocr_page' id='page_1' title='image "./phaedriaugustili00phaeuoft_0035.png"; bbox 0 0 1940 3072; ppageno 0'>
   <div class='ocr_carea' id='block_1_1' title="bbox 749 159 1023 207">
    <p class='ocr_par' dir='ltr' id='par_1_1' title="bbox 749 159 1023 207">
     <span class='ocr_line' id='line_1_1' title="bbox 749 159 1023 207; baseline 0.004 -1"><span class='ocrx_word' id='word_1_1' title='bbox 749 159 930 206; x_wconf 79' lang='lat' dir='ltr'><strong>LIBER.</strong></span> <span class='ocrx_word' id='word_1_2' title='bbox 963 161 1023 207; x_wconf 91' lang='lat'><strong>11.</strong></span> 
     </span>
    </p>
   </div>
   <div class='ocr_carea' id='block_1_2' title="bbox 437 318 1336 452">
    <p class='ocr_par' dir='ltr' id='par_1_2' title="bbox 437 318 1336 452">
     <span class='ocr_line' id='line_1_2' title="bbox 650 318 1123 369; baseline 0.004 -3"><span class='ocrx_word' id='word_1_3' title='bbox 650 318 974 368; x_wconf 86' lang='lat' dir='ltr'><strong>FABVLA</strong></span> <span class='ocrx_word' id='word_1_4' title='bbox 1010 319 1123 369; x_wconf 92' lang='lat' dir='ltr'><strong>VII.</strong></span> 
     </span>
     <span class='ocr_line' id='line_1_3' title="bbox 437 405 1336 452; baseline 0.002 -3"><span class='ocrx_word' id='word_1_5' title='bbox 437 405 622 449; x_wconf 73' lang='lat' dir='ltr'><strong>ml</strong></span> <span class='ocrx_word' id='word_1_6' title='bbox 650 406 797 449; x_wconf 86' lang='lat' dir='ltr'><strong>Dvo</strong></span> <span class='ocrx_word' id='word_1_7' title='bbox 826 408 917 448; x_wconf 70' lang='lat' dir='ltr'><strong>ET</strong></span> <span class='ocrx_word' id='word_1_8' title='bbox 946 408 1336 452; x_wconf 69' lang='lat' dir='ltr'><strong>RAPTORES.</strong></span> 
     </span>
    </p>
   </div>
   <div class='ocr_carea' id='block_1_3' title="bbox 88 491 1201 962">
    <p class='ocr_par' dir='ltr' id='par_1_3' title="bbox 88 491 1201 962">
     <span class='ocr_line' id='line_1_4' title="bbox 160 491 1040 557; baseline -0.002 -13"><span class='ocrx_word' id='word_1_9' title='bbox 160 493 279 544; x_wconf 84' lang='lat' dir='ltr'><strong>Muli</strong></span> <span class='ocrx_word' id='word_1_10' title='bbox 303 494 494 557; x_wconf 82' lang='lat' dir='ltr'><strong>gravati</strong></span> <span class='ocrx_word' id='word_1_11' title='bbox 521 492 731 541; x_wconf 83' lang='lat' dir='ltr'>sarcinis</span> <span class='ocrx_word' id='word_1_12' title='bbox 756 491 895 541; x_wconf 86' lang='lat' dir='ltr'><strong>ibant</strong></span> <span class='ocrx_word' id='word_1_13' title='bbox 918 492 1040 542; x_wconf 88' lang='lat' dir='ltr'><strong>duo:</strong></span> 
     </span>
     <span class='ocr_line' id='line_1_5' title="bbox 88 562 1000 626; baseline -0.003 -13"><span class='ocrx_word' id='word_1_14' title='bbox 88 564 223 615; x_wconf 88' lang='lat' dir='ltr'>Vnus</span> <span class='ocrx_word' id='word_1_15' title='bbox 250 562 445 614; x_wconf 82' lang='lat' dir='ltr'><strong>ferebat</strong></span> <span class='ocrx_word' id='word_1_16' title='bbox 467 562 611 611; x_wconf 84' lang='lat' dir='ltr'><strong>fiscos</strong></span> <span class='ocrx_word' id='word_1_17' title='bbox 637 576 750 611; x_wconf 92' lang='lat' dir='ltr'><strong>cum</strong></span> <span class='ocrx_word' id='word_1_18' title='bbox 773 563 1000 626; x_wconf 88' lang='lat' dir='ltr'><strong>pecunia,</strong></span> 
     </span>
     <span class='ocr_line' id='line_1_6' title="bbox 90 631 1102 686; baseline -0.005 -1"><span class='ocrx_word' id='word_1_19' title='bbox 90 635 228 686; x_wconf 81' lang='lat' dir='ltr'><strong>Alter</strong></span> <span class='ocrx_word' id='word_1_20' title='bbox 250 638 499 683; x_wconf 83' lang='lat' dir='ltr'><strong>tumentes</strong></span> <span class='ocrx_word' id='word_1_21' title='bbox 524 631 680 680; x_wconf 89' lang='lat' dir='ltr'><strong>multo</strong></span> <span class='ocrx_word' id='word_1_22' title='bbox 706 645 873 681; x_wconf 90' lang='lat' dir='ltr'><strong>saccos</strong></span> <span class='ocrx_word' id='word_1_23' title='bbox 902 631 1102 681; x_wconf 90' lang='lat' dir='ltr'><strong>hordeo.</strong></span> 
     </span>
     <span class='ocr_line' id='line_1_7' title="bbox 90 699 1107 755; baseline -0.005 0"><span class='ocrx_word' id='word_1_24' title='bbox 90 704 176 755; x_wconf 85' lang='lat' dir='ltr'><strong>Ille</strong></span> <span class='ocrx_word' id='word_1_25' title='bbox 204 717 354 752; x_wconf 90' lang='lat' dir='ltr'><strong>onere</strong></span> <span class='ocrx_word' id='word_1_26' title='bbox 380 701 519 751; x_wconf 84' lang='lat' dir='ltr'><strong>dives</strong></span> <span class='ocrx_word' id='word_1_27' title='bbox 544 699 675 751; x_wconf 90' lang='lat' dir='ltr'><strong>celsa</strong></span> <span class='ocrx_word' id='word_1_28' title='bbox 699 701 894 750; x_wconf 81' lang='lat' dir='ltr'><strong>cervice</strong></span> <span class='ocrx_word' id='word_1_29' title='bbox 920 703 1107 750; x_wconf 89' lang='lat' dir='ltr'><strong>eminet</strong></span> 
     </span>
     <span class='ocr_line' id='line_1_8' title="bbox 91 769 1135 838; baseline -0.006 -13"><span class='ocrx_word' id='word_1_30' title='bbox 91 774 387 838; x_wconf 78' lang='lat' dir='ltr'><strong>Clarumque</strong></span> <span class='ocrx_word' id='word_1_31' title='bbox 412 770 536 821; x_wconf 91' lang='lat' dir='ltr'><strong>collo</strong></span> <span class='ocrx_word' id='word_1_32' title='bbox 560 772 710 820; x_wconf 91' lang='lat' dir='ltr'><strong>iactat</strong></span> <span class='ocrx_word' id='word_1_33' title='bbox 733 769 1135 827; x_wconf 87' lang='lat' dir='ltr'><strong>tintinnabulum,</strong></span> 
     </span>
     <span class='ocr_line' id='line_1_9' title="bbox 89 839 1201 907; baseline -0.003 -14"><span class='ocrx_word' id='word_1_34' title='bbox 89 843 266 894; x_wconf 90' lang='lat' dir='ltr'><strong>Comes</strong></span> <span class='ocrx_word' id='word_1_35' title='bbox 291 842 461 907; x_wconf 92' lang='lat' dir='ltr'><strong>quieto</strong></span> <span class='ocrx_word' id='word_1_36' title='bbox 485 842 711 905; x_wconf 91' lang='lat' dir='ltr'><strong>sequitur</strong></span> <span class='ocrx_word' id='word_1_37' title='bbox 737 846 787 889; x_wconf 92' lang='lat' dir='ltr'><strong>et</strong></span> <span class='ocrx_word' id='word_1_38' title='bbox 810 839 1004 904; x_wconf 91' lang='lat' dir='ltr'><strong>placido</strong></span> <span class='ocrx_word' id='word_1_39' title='bbox 1028 839 1201 904; x_wconf 84' lang='lat' dir='ltr'><strong>gradu.</strong></span> 
     </span>
     <span class='ocr_line' id='line_1_10' title="bbox 92 909 1069 962; baseline -0.004 1"><span class='ocrx_word' id='word_1_40' title='bbox 92 913 267 962; x_wconf 92' lang='lat' dir='ltr'><strong>Subito</strong></span> <span class='ocrx_word' id='word_1_41' title='bbox 294 911 512 961; x_wconf 90' lang='lat' dir='ltr'><strong>latrones</strong></span> <span class='ocrx_word' id='word_1_42' title='bbox 537 925 598 959; x_wconf 92' lang='lat' dir='ltr'><strong>ex</strong></span> <span class='ocrx_word' id='word_1_43' title='bbox 621 909 819 959; x_wconf 88' lang='lat' dir='ltr'><strong>insidiis</strong></span> <span class='ocrx_word' id='word_1_44' title='bbox 844 909 1069 960; x_wconf 90' lang='lat' dir='ltr'><strong>advolant</strong></span> 
     </span>
    </p>
   </div>
   <div class='ocr_carea' id='block_1_4' title="bbox 0 979 1183 1047">
    <p class='ocr_par' dir='ltr' id='par_1_4' title="bbox 0 979 1183 1047">
     <span class='ocr_line' id='line_1_11' title="bbox 0 979 1183 1047; baseline -0.003 -15"><span class='ocrx_word' id='word_1_45' title='bbox 0 1020 3 1024; x_wconf 83' lang='lat'><strong>.</strong></span> <span class='ocrx_word' id='word_1_46' title='bbox 92 983 324 1047; x_wconf 78' lang='lat' dir='ltr'><strong>Interque</strong></span> <span class='ocrx_word' id='word_1_47' title='bbox 349 980 552 1030; x_wconf 83' lang='lat' dir='ltr'><strong>caedem</strong></span> <span class='ocrx_word' id='word_1_48' title='bbox 574 979 710 1029; x_wconf 84' lang='lat' dir='ltr'><strong>ferro</strong></span> <span class='ocrx_word' id='word_1_49' title='bbox 734 979 921 1029; x_wconf 90' lang='lat' dir='ltr'><strong>mulum</strong></span> <span class='ocrx_word' id='word_1_50' title='bbox 947 982 1183 1037; x_wconf 91' lang='lat' dir='ltr'><strong>sauciant,</strong></span> 
     </span>
    </p>
   </div>
   <div class='ocr_carea' id='block_1_5' title="bbox 91 1049 1312 1186">
    <p class='ocr_par' dir='ltr' id='par_1_5' title="bbox 91 1049 1312 1186">
     <span class='ocr_line' id='line_1_12' title="bbox 91 1049 1312 1116; baseline -0.001 -15"><span class='ocrx_word' id='word_1_51' title='bbox 91 1053 345 1116; x_wconf 89' lang='lat' dir='ltr'><strong>Diripiunt</strong></span> <span class='ocrx_word' id='word_1_52' title='bbox 368 1063 615 1106; x_wconf 88' lang='lat' dir='ltr'><strong>nummos,</strong></span> <span class='ocrx_word' id='word_1_53' title='bbox 643 1049 911 1113; x_wconf 85' lang='lat' dir='ltr'><strong>neglegunt</strong></span> <span class='ocrx_word' id='word_1_54' title='bbox 933 1049 1028 1098; x_wconf 86' lang='lat' dir='ltr'><strong>vile</strong></span> <span class='ocrx_word' id='word_1_55' title='bbox 1053 1049 1312 1100; x_wconf 88' lang='lat' dir='ltr'><strong>hordeum.</strong></span> 
     </span>
     <span class='ocr_line' id='line_1_13' title="bbox 91 1118 1156 1186; baseline -0.003 -15"><span class='ocrx_word' id='word_1_56' title='bbox 91 1121 342 1186; x_wconf 89' lang='lat' dir='ltr'><strong>Spoliatus</strong></span> <span class='ocrx_word' id='word_1_57' title='bbox 366 1120 518 1184; x_wconf 85' lang='lat' dir='ltr'><strong>igitur</strong></span> <span class='ocrx_word' id='word_1_58' title='bbox 544 1133 686 1170; x_wconf 88' lang='lat' dir='ltr'><strong>casus</strong></span> <span class='ocrx_word' id='word_1_59' title='bbox 711 1133 824 1168; x_wconf 91' lang='lat' dir='ltr'><strong>cum</strong></span> <span class='ocrx_word' id='word_1_60' title='bbox 848 1118 993 1168; x_wconf 89' lang='lat' dir='ltr'><strong>fleret</strong></span> <span class='ocrx_word' id='word_1_61' title='bbox 1016 1135 1156 1168; x_wconf 84' lang='lat' dir='ltr'><strong>suos:</strong></span> 
     </span>
    </p>
   </div>
   <div class='ocr_carea' id='block_1_6' title="bbox 93 1188 1420 1256">
    <p class='ocr_par' dir='ltr' id='par_1_6' title="bbox 93 1188 1420 1256">
     <span class='ocr_line' id='line_1_14' title="bbox 93 1188 1420 1256; baseline -0.002 -15"><span class='ocrx_word' id='word_1_62' title='bbox 93 1191 361 1256; x_wconf 90' lang='lat' dir='ltr'><strong>Equidem,</strong></span> <span class='ocrx_word' id='word_1_63' title='bbox 387 1190 552 1254; x_wconf 91' lang='lat' dir='ltr'><strong>inquit</strong></span> <span class='ocrx_word' id='word_1_64' title='bbox 576 1188 722 1245; x_wconf 92' lang='lat' dir='ltr'><strong>alter,</strong></span> <span class='ocrx_word' id='word_1_65' title='bbox 750 1203 829 1237; x_wconf 89' lang='lat' dir='ltr'><strong>me</strong></span> <span class='ocrx_word' id='word_1_66' title='bbox 856 1195 1191 1254; x_wconf 90' lang='lat' dir='ltr'><strong>contemptum</strong></span> <span class='ocrx_word' id='word_1_67' title='bbox 1217 1190 1420 1252; x_wconf 86' lang='lat' dir='ltr'><strong>gaudeo,</strong></span> 
     </span>
    </p>
   </div>
   <div class='ocr_carea' id='block_1_7' title="bbox 91 1258 1354 1463">
    <p class='ocr_par' dir='ltr' id='par_1_7' title="bbox 91 1258 1354 1463">
     <span class='ocr_line' id='line_1_15' title="bbox 94 1258 1168 1310; baseline -0.002 0"><span class='ocrx_word' id='word_1_68' title='bbox 94 1260 218 1310; x_wconf 88' lang='lat' dir='ltr'><strong>Nam</strong></span> <span class='ocrx_word' id='word_1_69' title='bbox 243 1259 315 1310; x_wconf 92' lang='lat' dir='ltr'><strong>nil</strong></span> <span class='ocrx_word' id='word_1_70' title='bbox 342 1259 483 1309; x_wconf 88' lang='lat' dir='ltr'><strong>amisi</strong></span> <span class='ocrx_word' id='word_1_71' title='bbox 510 1273 601 1307; x_wconf 90' lang='lat' dir='ltr'><strong>nec</strong></span> <span class='ocrx_word' id='word_1_72' title='bbox 627 1273 735 1308; x_wconf 92' lang='lat' dir='ltr'><strong>sum</strong></span> <span class='ocrx_word' id='word_1_73' title='bbox 761 1258 925 1308; x_wconf 91' lang='lat' dir='ltr'><strong>laesus</strong></span> <span class='ocrx_word' id='word_1_74' title='bbox 948 1258 1168 1308; x_wconf 86' lang='lat' dir='ltr'><strong>vulnere.</strong></span> 
     </span>
     <span class='ocr_line' id='line_1_16' title="bbox 165 1327 1354 1392; baseline -0.001 -13"><span class='ocrx_word' id='word_1_75' title='bbox 165 1330 268 1379; x_wconf 88' lang='lat' dir='ltr'><strong>Hoc</strong></span> <span class='ocrx_word' id='word_1_76' title='bbox 293 1334 582 1392; x_wconf 86' lang='lat' dir='ltr'><strong>argumento</strong></span> <span class='ocrx_word' id='word_1_77' title='bbox 608 1333 711 1376; x_wconf 88' lang='lat' dir='ltr'><strong>tuta</strong></span> <span class='ocrx_word' id='word_1_78' title='bbox 740 1333 814 1376; x_wconf 88' lang='lat' dir='ltr'><strong>est</strong></span> <span class='ocrx_word' id='word_1_79' title='bbox 838 1327 1090 1377; x_wconf 93' lang='lat' dir='ltr'><strong>hominum</strong></span> <span class='ocrx_word' id='word_1_80' title='bbox 1114 1331 1354 1387; x_wconf 85' lang='lat' dir='ltr'><strong>tenuitas;</strong></span> 
     </span>
     <span class='ocr_line' id='line_1_17' title="bbox 91 1396 1077 1463; baseline -0.002 -14"><span class='ocrx_word' id='word_1_81' title='bbox 91 1399 296 1463; x_wconf 85' lang='lat' dir='ltr'><strong>Magnae</strong></span> <span class='ocrx_word' id='word_1_82' title='bbox 322 1397 512 1463; x_wconf 89' lang='lat' dir='ltr'><strong>periclo</strong></span> <span class='ocrx_word' id='word_1_83' title='bbox 537 1402 651 1449; x_wconf 87' lang='lat' dir='ltr'><strong>sunt</strong></span> <span class='ocrx_word' id='word_1_84' title='bbox 676 1411 795 1462; x_wconf 90' lang='lat' dir='ltr'><strong>opes</strong></span> <span class='ocrx_word' id='word_1_85' title='bbox 820 1396 1077 1447; x_wconf 87' lang='lat' dir='ltr'><strong>obnoxiae.</strong></span> 
     </span>
    </p>
   </div>
   <div class='ocr_carea' id='block_1_8' title="bbox 558 1523 1234 1649">
    <p class='ocr_par' dir='ltr' id='par_1_8' title="bbox 558 1523 1234 1649">
     <span class='ocr_line' id='line_1_18' title="bbox 645 1523 1141 1573; baseline 0.002 -2"><span class='ocrx_word' id='word_1_86' title='bbox 645 1523 966 1573; x_wconf 85' lang='lat' dir='ltr'><strong>FABVLA</strong></span> <span class='ocrx_word' id='word_1_87' title='bbox 1002 1524 1141 1572; x_wconf 87' lang='lat' dir='ltr'><strong>VIII.</strong></span> 
     </span>
     <span class='ocr_line' id='line_1_19' title="bbox 558 1604 1234 1649; baseline 0.003 -3"><span class='ocrx_word' id='word_1_88' title='bbox 558 1604 835 1646; x_wconf 78' lang='lat' dir='ltr'><strong>GERVVS</strong></span> <span class='ocrx_word' id='word_1_89' title='bbox 862 1605 961 1646; x_wconf 87' lang='lat' dir='ltr'><strong>AD</strong></span> <span class='ocrx_word' id='word_1_90' title='bbox 988 1605 1234 1649; x_wconf 77' lang='lat' dir='ltr'><strong>BOVES.</strong></span> 
     </span>
    </p>
   </div>
   <div class='ocr_carea' id='block_1_9' title="bbox 98 1674 1410 2990">
    <p class='ocr_par' dir='ltr' id='par_1_9' title="bbox 98 1674 1410 2990">
     <span class='ocr_line' id='line_1_20' title="bbox 167 1674 1179 1733; baseline -0.002 -7"><span class='ocrx_word' id='word_1_91' title='bbox 167 1678 352 1727; x_wconf 84' lang='lat' dir='ltr'><strong>Cervus</strong></span> <span class='ocrx_word' id='word_1_92' title='bbox 375 1677 652 1724; x_wconf 85' lang='lat' dir='ltr'><strong>nemorosis</strong></span> <span class='ocrx_word' id='word_1_93' title='bbox 679 1676 921 1725; x_wconf 87' lang='lat' dir='ltr'><strong>excitatus</strong></span> <span class='ocrx_word' id='word_1_94' title='bbox 944 1674 1179 1733; x_wconf 88' lang='lat' dir='ltr'><strong>latibulis,</strong></span> 
     </span>
     <span class='ocr_line' id='line_1_21' title="bbox 98 1746 1195 1809; baseline -0.002 -13"><span class='ocrx_word' id='word_1_95' title='bbox 98 1748 159 1796; x_wconf 91' lang='lat' dir='ltr'><strong>Vt</strong></span> <span class='ocrx_word' id='word_1_96' title='bbox 182 1751 470 1795; x_wconf 86' lang='lat' dir='ltr'><strong>venatorum</strong></span> <span class='ocrx_word' id='word_1_97' title='bbox 495 1746 692 1809; x_wconf 85' lang='lat' dir='ltr'><strong>fugeret</strong></span> <span class='ocrx_word' id='word_1_98' title='bbox 716 1746 982 1795; x_wconf 91' lang='lat' dir='ltr'><strong>instantem</strong></span> <span class='ocrx_word' id='word_1_99' title='bbox 1006 1759 1195 1802; x_wconf 87' lang='lat' dir='ltr'><strong>necem,</strong></span> 
     </span>
     <span class='ocr_line' id='line_1_22' title="bbox 98 1814 1093 1880; baseline -0.002 -14"><span class='ocrx_word' id='word_1_100' title='bbox 98 1818 255 1867; x_wconf 85' lang='lat' dir='ltr'><strong>Caeco</strong></span> <span class='ocrx_word' id='word_1_101' title='bbox 278 1817 458 1864; x_wconf 86' lang='lat' dir='ltr'><strong>timore</strong></span> <span class='ocrx_word' id='word_1_102' title='bbox 482 1816 755 1880; x_wconf 82' lang='lat' dir='ltr'><strong>proximam</strong></span> <span class='ocrx_word' id='word_1_103' title='bbox 777 1814 942 1864; x_wconf 86' lang='lat' dir='ltr'><strong>villam</strong></span> <span class='ocrx_word' id='word_1_104' title='bbox 966 1816 1093 1880; x_wconf 88' lang='lat' dir='ltr'><strong>petit</strong></span> 
     </span>
     <span class='ocr_line' id='line_1_23' title="bbox 99 1883 975 1950; baseline -0.001 -15"><span class='ocrx_word' id='word_1_105' title='bbox 99 1887 160 1936; x_wconf 88' lang='lat' dir='ltr'><strong>Et</strong></span> <span class='ocrx_word' id='word_1_106' title='bbox 186 1890 462 1950; x_wconf 91' lang='lat' dir='ltr'><strong>opportuno</strong></span> <span class='ocrx_word' id='word_1_107' title='bbox 487 1899 539 1934; x_wconf 87' lang='lat' dir='ltr'><strong>se</strong></span> <span class='ocrx_word' id='word_1_108' title='bbox 565 1883 716 1933; x_wconf 85' lang='lat' dir='ltr'><strong>bovili</strong></span> <span class='ocrx_word' id='word_1_109' title='bbox 741 1884 975 1934; x_wconf 88' lang='lat' dir='ltr'><strong>condidit.</strong></span> 
     </span>
     <span class='ocr_line' id='line_1_24' title="bbox 100 1952 1173 2011; baseline -0.002 -6"><span class='ocrx_word' id='word_1_110' title='bbox 100 1956 193 2005; x_wconf 87' lang='lat' dir='ltr'><strong>Hic</strong></span> <span class='ocrx_word' id='word_1_111' title='bbox 219 1955 309 2004; x_wconf 92' lang='lat' dir='ltr'><strong>bos</strong></span> <span class='ocrx_word' id='word_1_112' title='bbox 325 1954 525 2004; x_wconf 83' lang='lat' dir='ltr'><strong>latenti:</strong></span> <span class='ocrx_word' id='word_1_113' title='bbox 576 1952 815 2011; x_wconf 88' lang='lat' dir='ltr'><strong>Quidnam</strong></span> <span class='ocrx_word' id='word_1_114' title='bbox 840 1953 1037 2002; x_wconf 86' lang='lat' dir='ltr'><strong>voluisti</strong></span> <span class='ocrx_word' id='word_1_115' title='bbox 1064 1954 1173 2011; x_wconf 90' lang='lat' dir='ltr'><strong>tibi,</strong></span> 
     </span>
     <span class='ocr_line' id='line_1_25' title="bbox 101 2023 1164 2089; baseline -0.002 -15"><span class='ocrx_word' id='word_1_116' title='bbox 101 2025 302 2082; x_wconf 80' lang='lat' dir='ltr'><strong>Infelix,</strong></span> <span class='ocrx_word' id='word_1_117' title='bbox 331 2023 459 2073; x_wconf 92' lang='lat' dir='ltr'><strong>ultro</strong></span> <span class='ocrx_word' id='word_1_118' title='bbox 485 2025 569 2089; x_wconf 91' lang='lat' dir='ltr'><strong>qui</strong></span> <span class='ocrx_word' id='word_1_119' title='bbox 596 2024 656 2073; x_wconf 91' lang='lat' dir='ltr'><strong>ad</strong></span> <span class='ocrx_word' id='word_1_120' title='bbox 680 2037 854 2074; x_wconf 83' lang='lat' dir='ltr'><strong>necem</strong></span> <span class='ocrx_word' id='word_1_121' title='bbox 878 2025 1164 2072; x_wconf 87' lang='lat' dir='ltr'><strong>cucurreris</strong></span> 
     </span>
     <span class='ocr_line' id='line_1_26' title="bbox 102 2094 1234 2159; baseline -0.003 -15"><span class='ocrx_word' id='word_1_122' title='bbox 102 2095 463 2159; x_wconf 85' lang='lat' dir='ltr'><strong>Hominumque</strong></span> <span class='ocrx_word' id='word_1_123' title='bbox 488 2100 619 2142; x_wconf 85' lang='lat' dir='ltr'><strong>tecto</strong></span> <span class='ocrx_word' id='word_1_124' title='bbox 646 2094 874 2158; x_wconf 86' lang='lat' dir='ltr'><strong>spiritum</strong></span> <span class='ocrx_word' id='word_1_125' title='bbox 898 2094 1234 2142; x_wconf 73' lang='lat' dir='ltr'><strong>commiseris?</strong></span> 
     </span>
     <span class='ocr_line' id='line_1_27' title="bbox 103 2162 1329 2228; baseline 0 -15"><span class='ocrx_word' id='word_1_126' title='bbox 103 2166 166 2214; x_wconf 82' lang='lat' dir='ltr'><strong>At</strong></span> <span class='ocrx_word' id='word_1_127' title='bbox 193 2162 275 2213; x_wconf 90' lang='lat' dir='ltr'><strong>ille</strong></span> <span class='ocrx_word' id='word_1_128' title='bbox 301 2163 532 2228; x_wconf 85' lang='lat' dir='ltr'><strong>supplex:</strong></span> <span class='ocrx_word' id='word_1_129' title='bbox 583 2163 678 2212; x_wconf 91' lang='lat' dir='ltr'><strong>Vos</strong></span> <span class='ocrx_word' id='word_1_130' title='bbox 703 2162 871 2220; x_wconf 89' lang='lat' dir='ltr'><strong>mod0,</strong></span> <span class='ocrx_word' id='word_1_131' title='bbox 899 2164 1083 2227; x_wconf 91' lang='lat' dir='ltr'><strong>inquit,</strong></span> <span class='ocrx_word' id='word_1_132' title='bbox 1111 2165 1329 2228; x_wconf 77' lang='lat' dir='ltr'><strong>parcite3</strong></span> 
     </span>
     <span class='ocr_line' id='line_1_28' title="bbox 100 2232 1008 2297; baseline -0.002 -14"><span class='ocrx_word' id='word_1_133' title='bbox 100 2234 372 2283; x_wconf 87' lang='lat' dir='ltr'><strong>Occasione</strong></span> <span class='ocrx_word' id='word_1_134' title='bbox 399 2248 574 2282; x_wconf 90' lang='lat' dir='ltr'><strong>rursus</strong></span> <span class='ocrx_word' id='word_1_135' title='bbox 599 2248 855 2297; x_wconf 84' lang='lat' dir='ltr'><strong>erumpam</strong></span> <span class='ocrx_word' id='word_1_136' title='bbox 882 2232 1008 2282; x_wconf 88' lang='lat' dir='ltr'><strong>data.</strong></span> 
     </span>
     <span class='ocr_line' id='line_1_29' title="bbox 103 2303 1092 2367; baseline -0.001 -14"><span class='ocrx_word' id='word_1_137' title='bbox 103 2303 327 2367; x_wconf 88' lang='lat' dir='ltr'><strong>Spatium</strong></span> <span class='ocrx_word' id='word_1_138' title='bbox 353 2303 453 2352; x_wconf 91' lang='lat' dir='ltr'><strong>diei</strong></span> <span class='ocrx_word' id='word_1_139' title='bbox 479 2304 641 2351; x_wconf 91' lang='lat' dir='ltr'><strong>noctis</strong></span> <span class='ocrx_word' id='word_1_140' title='bbox 666 2303 920 2367; x_wconf 82' lang='lat' dir='ltr'><strong>excipiunt</strong></span> <span class='ocrx_word' id='word_1_141' title='bbox 944 2303 1092 2352; x_wconf 78' lang='lat' dir='ltr'><strong>vices,</strong></span> 
     </span>
     <span class='ocr_line' id='line_1_30' title="bbox 104 2371 1248 2429; baseline 0.001 -7"><span class='ocrx_word' id='word_1_142' title='bbox 104 2371 351 2422; x_wconf 90' lang='lat' dir='ltr'><strong>Frondem</strong></span> <span class='ocrx_word' id='word_1_143' title='bbox 377 2371 622 2421; x_wconf 90' lang='lat' dir='ltr'><strong>bubulcus</strong></span> <span class='ocrx_word' id='word_1_144' title='bbox 648 2372 834 2429; x_wconf 86' lang='lat' dir='ltr'><strong>adfert,</strong></span> <span class='ocrx_word' id='word_1_145' title='bbox 863 2372 933 2422; x_wconf 92' lang='lat' dir='ltr'><strong>nil</strong></span> <span class='ocrx_word' id='word_1_146' title='bbox 960 2372 1073 2421; x_wconf 88' lang='lat' dir='ltr'><strong>ideo</strong></span> <span class='ocrx_word' id='word_1_147' title='bbox 1099 2372 1248 2423; x_wconf 87' lang='lat' dir='ltr'><strong>videt.</strong></span> 
     </span>
     <span class='ocr_line' id='line_1_31' title="bbox 104 2440 1190 2499; baseline 0 -8"><span class='ocrx_word' id='word_1_148' title='bbox 104 2442 236 2491; x_wconf 88' lang='lat' dir='ltr'><strong>Eunt</strong></span> <span class='ocrx_word' id='word_1_149' title='bbox 260 2440 469 2490; x_wconf 90' lang='lat' dir='ltr'><strong>subinde</strong></span> <span class='ocrx_word' id='word_1_150' title='bbox 496 2446 547 2490; x_wconf 89' lang='lat' dir='ltr'><strong>et</strong></span> <span class='ocrx_word' id='word_1_151' title='bbox 570 2442 781 2491; x_wconf 88' lang='lat' dir='ltr'><strong>redeunt</strong></span> <span class='ocrx_word' id='word_1_152' title='bbox 805 2457 975 2491; x_wconf 89' lang='lat' dir='ltr'><strong>omnes</strong></span> <span class='ocrx_word' id='word_1_153' title='bbox 999 2444 1190 2499; x_wconf 87' lang='lat' dir='ltr'><strong>rustici,</strong></span> 
     </span>
     <span class='ocr_line' id='line_1_32' title="bbox 105 2510 1260 2569; baseline 0.001 -9"><span class='ocrx_word' id='word_1_154' title='bbox 105 2511 259 2561; x_wconf 90' lang='lat' dir='ltr'><strong>Nemo</strong></span> <span class='ocrx_word' id='word_1_155' title='bbox 286 2510 656 2560; x_wconf 88' lang='lat' dir='ltr'><strong>animadvertit:</strong></span> <span class='ocrx_word' id='word_1_156' title='bbox 697 2514 874 2560; x_wconf 90' lang='lat' dir='ltr'><strong>transit</strong></span> <span class='ocrx_word' id='word_1_157' title='bbox 898 2514 1047 2561; x_wconf 90' lang='lat' dir='ltr'><strong>etiam</strong></span> <span class='ocrx_word' id='word_1_158' title='bbox 1071 2512 1260 2569; x_wconf 81' lang='lat' dir='ltr'><strong>vilicuS,</strong></span> 
     </span>
     <span class='ocr_line' id='line_1_33' title="bbox 104 2579 1376 2645; baseline 0.001 -16"><span class='ocrx_word' id='word_1_159' title='bbox 104 2580 207 2630; x_wconf 88' lang='lat' dir='ltr'><strong>Nec</strong></span> <span class='ocrx_word' id='word_1_160' title='bbox 232 2579 314 2629; x_wconf 90' lang='lat' dir='ltr'><strong>ille</strong></span> <span class='ocrx_word' id='word_1_161' title='bbox 341 2582 605 2645; x_wconf 91' lang='lat' dir='ltr'><strong>quicquam</strong></span> <span class='ocrx_word' id='word_1_162' title='bbox 630 2583 798 2629; x_wconf 88' lang='lat' dir='ltr'><strong>sentit.</strong></span> <span class='ocrx_word' id='word_1_163' title='bbox 850 2580 973 2629; x_wconf 90' lang='lat' dir='ltr'><strong>Tum</strong></span> <span class='ocrx_word' id='word_1_164' title='bbox 998 2581 1215 2644; x_wconf 85' lang='lat' dir='ltr'><strong>gaudens</strong></span> <span class='ocrx_word' id='word_1_165' title='bbox 1241 2583 1376 2630; x_wconf 86' lang='lat' dir='ltr'><strong>ferus</strong></span> 
     </span>
     <span class='ocr_line' id='line_1_34' title="bbox 106 2648 1067 2714; baseline -0.001 -15"><span class='ocrx_word' id='word_1_166' title='bbox 106 2648 274 2699; x_wconf 89' lang='lat' dir='ltr'><strong>Bubus</strong></span> <span class='ocrx_word' id='word_1_167' title='bbox 298 2651 483 2714; x_wconf 88' lang='lat' dir='ltr'><strong>quietis</strong></span> <span class='ocrx_word' id='word_1_168' title='bbox 508 2664 654 2714; x_wconf 87' lang='lat' dir='ltr'><strong>agere</strong></span> <span class='ocrx_word' id='word_1_169' title='bbox 680 2652 845 2714; x_wconf 88' lang='lat' dir='ltr'><strong>coepit</strong></span> <span class='ocrx_word' id='word_1_170' title='bbox 869 2652 1067 2714; x_wconf 85' lang='lat' dir='ltr'><strong>gratias,</strong></span> 
     </span>
     <span class='ocr_line' id='line_1_35' title="bbox 108 2719 1410 2785; baseline 0.002 -18"><span class='ocrx_word' id='word_1_171' title='bbox 108 2719 385 2782; x_wconf 88' lang='lat' dir='ltr'><strong>Hospitium</strong></span> <span class='ocrx_word' id='word_1_172' title='bbox 413 2719 618 2769; x_wconf 85' lang='lat' dir='ltr'><strong>adverso</strong></span> <span class='ocrx_word' id='word_1_173' title='bbox 644 2720 774 2784; x_wconf 88' lang='lat' dir='ltr'><strong>quod</strong></span> <span class='ocrx_word' id='word_1_174' title='bbox 801 2721 1145 2784; x_wconf 88' lang='lat' dir='ltr'><strong>praestiterint</strong></span> <span class='ocrx_word' id='word_1_175' title='bbox 1170 2726 1410 2785; x_wconf 89' lang='lat' dir='ltr'><strong>tempore.</strong></span> 
     </span>
     <span class='ocr_line' id='line_1_36' title="bbox 109 2788 1381 2855; baseline 0.002 -19"><span class='ocrx_word' id='word_1_176' title='bbox 109 2788 379 2853; x_wconf 85' lang='lat' dir='ltr'><strong>Respondit</strong></span> <span class='ocrx_word' id='word_1_177' title='bbox 403 2804 554 2838; x_wconf 86' lang='lat' dir='ltr'><strong>unus:</strong></span> <span class='ocrx_word' id='word_1_178' title='bbox 607 2789 802 2839; x_wconf 73' lang='lat' dir='ltr'><strong>Salvum</strong></span> <span class='ocrx_word' id='word_1_179' title='bbox 830 2795 876 2838; x_wconf 87' lang='lat' dir='ltr'><strong>te</strong></span> <span class='ocrx_word' id='word_1_180' title='bbox 905 2792 1128 2853; x_wconf 86' lang='lat' dir='ltr'><strong>cupimus</strong></span> <span class='ocrx_word' id='word_1_181' title='bbox 1155 2790 1381 2855; x_wconf 91' lang='lat' dir='ltr'><strong>quidem;</strong></span> 
     </span>
     <span class='ocr_line' id='line_1_37' title="bbox 110 2857 1380 2923; baseline 0.002 -18"><span class='ocrx_word' id='word_1_182' title='bbox 110 2857 210 2905; x_wconf 86' lang='lat' dir='ltr'><strong>Sed</strong></span> <span class='ocrx_word' id='word_1_183' title='bbox 235 2857 346 2914; x_wconf 91' lang='lat' dir='ltr'><strong>ille,</strong></span> <span class='ocrx_word' id='word_1_184' title='bbox 373 2860 459 2923; x_wconf 89' lang='lat' dir='ltr'><strong>qui</strong></span> <span class='ocrx_word' id='word_1_185' title='bbox 486 2858 653 2907; x_wconf 90' lang='lat' dir='ltr'><strong>oculos</strong></span> <span class='ocrx_word' id='word_1_186' title='bbox 680 2865 878 2908; x_wconf 90' lang='lat' dir='ltr'><strong>centum</strong></span> <span class='ocrx_word' id='word_1_187' title='bbox 905 2859 1077 2916; x_wconf 85' lang='lat' dir='ltr'><strong>habet,</strong></span> <span class='ocrx_word' id='word_1_188' title='bbox 1107 2861 1148 2909; x_wconf 92' lang='lat' dir='ltr'><strong>si</strong></span> <span class='ocrx_word' id='word_1_189' title='bbox 1175 2862 1380 2915; x_wconf 84' lang='lat' dir='ltr'><strong>venerit,</strong></span> 
     </span>
     <span class='ocr_line' id='line_1_38' title="bbox 197 2941 1367 2990; baseline 0.003 -12"><span class='ocrx_word' id='word_1_190' title='bbox 197 2951 452 2982; x_wconf 73' lang='lat' dir='ltr'><strong>PHAEDRVS.</strong></span> <span class='ocrx_word' id='word_1_191' title='bbox 1333 2941 1367 2990; x_wconf 84' lang='grc'><em>2</em></span> 
     </span>
    </p>
   </div>
   <div class='ocr_carea' id='block_1_10' title="bbox 1621 159 1685 212">
    <p class='ocr_par' dir='ltr' id='par_1_10' title="bbox 1621 159 1685 212">
     <span class='ocr_line' id='line_1_39' title="bbox 1621 159 1685 212; baseline 0 0"><span class='ocrx_word' id='word_1_192' title='bbox 1621 159 1685 212; x_wconf 82' lang='grc'><strong>17</strong></span> 
     </span>
    </p>
   </div>
   <div class='ocr_carea' id='block_1_11' title="bbox 1636 1126 1691 1167">
    <p class='ocr_par' dir='ltr' id='par_1_11' title="bbox 1636 1126 1691 1167">
     <span class='ocr_line' id='line_1_40' title="bbox 1636 1126 1691 1167; baseline 0 0"><span class='ocrx_word' id='word_1_193' title='bbox 1636 1126 1691 1167; x_wconf 72' lang='grc'><strong>10</strong></span> 
     </span>
    </p>
   </div>
   <div class='ocr_carea' id='block_1_12' title="bbox 1647 2309 1700 2350">
    <p class='ocr_par' dir='ltr' id='par_1_12' title="bbox 1647 2309 1700 2350">
     <span class='ocr_line' id='line_1_41' title="bbox 1647 2309 1700 2350; baseline 0 0"><span class='ocrx_word' id='word_1_194' title='bbox 1647 2309 1700 2350; x_wconf 87' lang='grc'><strong>10</strong></span> 
     </span>
    </p>
   </div>
   <div class='ocr_carea' id='block_1_13' title="bbox 1648 2656 1703 2698">
    <p class='ocr_par' dir='ltr' id='par_1_13' title="bbox 1648 2656 1703 2698">
     <span class='ocr_line' id='line_1_42' title="bbox 1648 2656 1703 2698; baseline 0.018 -1"><span class='ocrx_word' id='word_1_195' title='bbox 1648 2656 1703 2698; x_wconf 84' lang='grc'><strong>15</strong></span> 
     </span>
    </p>
   </div>
  </div>
 </body>
</html>
