1940 3072
844 106 1205 158 -74-

27 239 142 279 1810
174 225 464 278 discutiant
500 228 697 292 terrae,
737 223 921 276 ueniet
958 223 1041 276 uis
1083 222 1298 275 aethere
1337 224 1455 275 toto
1887 237 1940 270 481

174 299 290 351 dira
328 299 706 367 procellarum,
745 298 841 350 nix
881 297 1056 350 omnis
1094 297 1293 350 uestiet
1331 314 1514 366 agros,

171 373 268 425 nix
305 372 502 425 herbas
541 371 720 424 laedet
756 374 971 424 teneras
981 412 995 439 ,
1034 370 1129 423 nix
1168 373 1289 423 uret
1329 370 1538 423 aristas,

175 450 231 499 at
270 446 317 498 si
357 445 647 516 contigerit
683 445 865 514 plures
906 445 1091 497 ardere
1131 447 1395 512 cometaS,

173 520 440 573 inualidas
481 522 689 590 segetes
729 519 958 572 torrebit
998 518 1188 572 siccior
1228 536 1331 572 aer.

26 608 139 649 1815
173 611 300 646 nam
341 612 476 662 quae
514 596 874 663 prorumpunt
910 596 1135 646 naturae
1173 592 1385 662 legibus
1425 593 1569 645 ultro
1888 606 1940 640 49«

177 668 507 736 spiramenta
547 668 671 736 soli,
710 668 757 720 si
795 668 969 719 iustus
1009 666 1179 719 defuit
1216 666 1434 735 humor,

175 742 345 811 arida,
384 760 481 810 per
519 742 730 794 caelum
770 741 1070 811 surgentia,
1109 740 1337 809 desuper
1376 740 1593 793 aethrae

173 817 459 885 ignescunt
496 815 727 869 fiammis
766 815 1056 884 mundique
1095 814 1309 883 inpulsa
1348 815 1525 868 calore

174 889 452 942 excutiunt
492 890 675 942 stellas
715 893 770 942 et
808 890 994 942 crebro
1035 889 1177 941 crine
1216 889 1527 941 rubescunt.

24 978 140 1019 1820
248 961 657 1033 Contemplator
695 964 850 1016 item:
892 964 938 1016 si
976 963 1141 1032 longo
1181 962 1413 1031 plurima
1450 965 1618 1030 ponto
1885 975 1940 1008 49⁵

174 1038 393 1107 agmina
431 1038 691 1090 festinant
729 1037 1011 1090 uolucrum
1053 1037 1390 1106 solidamque
1429 1036 1735 1106 frequentes

173 1112 465 1164 succedunt
502 1115 729 1181 terram,
771 1111 969 1164 sterilis
1013 1111 1285 1164 desaeuiet
1324 1113 1504 1163 aestus

173 1203 235 1237 66
277 1185 463 1238 sitient
502 1187 637 1256 agri.
713 1203 842 1238 nam
881 1203 987 1254 qua
1026 1185 1334 1238 circumflua
1371 1185 1531 1237 tellus

173 1258 404 1311 adluitur
442 1261 659 1329 pelago,
699 1259 882 1327 coquit
921 1260 1059 1311 altas
1100 1260 1289 1312 siccior
1328 1277 1420 1311 aer

25 1346 141 1388 1825
174 1334 426 1401 caespitis
467 1334 669 1386 arentis
709 1351 875 1386 uenas
915 1333 1179 1402 citiusque
1219 1333 1453 1386 calorem
1887 1344 1940 1378 50(

174 1407 341 1459 sentit
379 1407 574 1460 humus
615 1408 884 1461 succincta
924 1407 1054 1460 salo,
1131 1408 1261 1476 fuga
1299 1407 1545 1475 protinus
1586 1423 1714 1475 ergo

173 1483 256 1533 est
296 1481 477 1533 auium
516 1482 573 1533 in
611 1485 806 1551 terras3
847 1484 1033 1550 pauet,
1071 1481 1171 1533 has
1211 1483 1272 1532 ut
1309 1479 1527 1548 uiderit,
1568 1483 1747 1532 aestus

174 1554 411 1623 agricola
451 1558 505 1607 et
545 1555 683 1608 sicco
723 1555 832 1607 iam
872 1554 1031 1606 deflet
1068 1554 1296 1623 mergite
1337 1554 1556 1607 culmos.

174 1628 267 1680 sed
306 1628 352 1680 si
389 1632 506 1681 tum
546 1629 755 1682 modico
795 1628 1095 1697 producant
1134 1628 1353 1698 agmina
1392 1628 1461 1680 ab
1501 1627 1658 1680 undis

26 1717 141 1758 1830
172 1720 270 1754 nec
308 1702 518 1770 trepido
558 1703 762 1771 passim
802 1705 1023 1755 uersent
1062 1720 1300 1756 conuexa
1338 1702 1547 1771 uolatu,
1885 1715 1940 1749 501

172 1776 377 1828 laetitia
416 1779 498 1828 est
537 1776 682 1829 duris
721 1777 1053 1846 pastoribus,
1094 1777 1275 1829 adfore
1315 1793 1506 1844 parcos

171 1853 524 1917 praesumunt
562 1851 776 1904 imbres.
855 1851 932 1903 sic
970 1851 1028 1903 in
1067 1850 1339 1904 contraria
1379 1867 1591 1918 semper

171 1927 301 1975 uota
339 1923 574 1976 hominis
616 1925 825 1994 agimur
863 1925 1140 1994 nostrique
1180 1923 1426 1992 cupidine
1467 1923 1672 1976 fructus

171 1998 442 2064 poscimus
483 1998 705 2051 alterius
746 1998 1039 2066 dispendia.
1119 1998 1345 2067 denique
1386 2000 1439 2049 et
1477 1997 1597 2066 ipsa

26 2086 139 2125 1835
174 2071 363 2123 sollers
401 2075 596 2124 natura
637 2075 691 2124 et
728 2090 905 2125 rerum
946 2072 1256 2142 genitabilis
1298 2071 1426 2124 ordo
1885 2084 1940 2117 51(

293 2295 407 2334 1810
440 2290 695 2335 discutiant
724 2304 750 2335 v
782 2290 1030 2348 DisiJ‘ciant
1059 2291 1104 2333 A
1135 2289 1388 2335 Dissutiant
1419 2304 1440 2334 6
1551 2294 1662 2333 1812
1696 2289 1862 2334 herbas

172 2362 194 2392 e
232 2348 401 2407 herbas
433 2351 477 2392 A
601 2353 714 2394 1813
756 2350 916 2394 ardere
954 2364 979 2393 υ
1013 2351 1175 2394 ardore
1207 2350 1291 2393 Ae
1414 2353 1527 2393 1815
1558 2350 1864 2405 prorumpunt

172 2422 193 2451 e
223 2410 528 2464 perrumpunt
557 2408 603 2451 A
715 2413 828 2452 1818
861 2409 1109 2465 ignescunt
1139 2423 1162 2452 6
1191 2409 1433 2465 ignescent
1461 2409 1508 2451 A
1617 2412 1729 2451 1822
1763 2421 1863 2452 suc-

173 2467 345 2510 cedunt
374 2481 397 2511 6
428 2468 680 2511 succedunt
710 2468 754 2511 A
779 2469 794 2524 ss
829 2470 984 2511 aestus
1017 2483 1038 2511 6
1069 2470 1221 2512 aestas
1253 2469 1297 2511 A
1421 2471 1533 2511 1823
1567 2480 1622 2510 ac
1652 2466 1812 2510 sitient
1842 2480 1863 2511 e

172 2524 395 2569 assicient
424 2527 469 2568 A
594 2532 707 2570 1824
740 2527 905 2571 siccior
935 2541 956 2570 6
989 2526 1126 2571 616101·
1156 2529 1202 2570 A
1325 2530 1438 2570 1825
1470 2539 1610 2570 uenas
1634 2526 1679 2568 A
1711 2525 1862 2570 uentis

171 2599 195 2628 6
226 2584 282 2637 cf.
316 2584 504 2629 Hermes
539 2585 666 2628 XVI
696 2600 745 2641 p.
782 2589 869 2629 134
900 2600 945 2628 n.
978 2591 1037 2629 99
1163 2590 1275 2630 1826
1309 2585 1544 2629 succincta
1576 2584 1763 2628 Grotius
1795 2584 1861 2627 sic

174 2643 327 2687 cincta
358 2645 403 2686 A
526 2647 638 2688 1827
682 2647 751 2688 est
782 2660 803 2688 e
835 2646 975 2687 Festa
1005 2646 1050 2687 A
1081 2646 1096 2697 11
1127 2644 1210 2688 1166
1242 2644 1487 2688 Schraderi
1518 2644 1862 2687 commentarius

172 2701 325 2746 Berol.
358 2702 443 2745 1106
474 2704 519 2745 A
643 2707 756 2746 1828
790 2703 930 2747 defiet
961 2717 981 2746 6
1014 2702 1153 2762 deflet
1182 2704 1227 2746 A
1331 2706 1442 2746 1829
1477 2702 1515 2746 61
1545 2705 1646 2745 tum
1678 2700 1861 2746 modico

173 2774 199 2803 v
240 2760 277 2803 si
314 2760 517 2805 imodico
549 2761 595 2803 A
634 2761 670 2804 si
710 2761 893 2806 modico
925 2775 946 2805 6
976 2763 991 2818 ΙΙ
1030 2762 1088 2804 ab
1120 2762 1255 2805 undis
1287 2775 1309 2804 6
1340 2761 1547 2805 abundas
1580 2760 1625 2803 A
1749 2764 1859 2804 1831

172 2832 337 2875 parcos
370 2833 391 2864 e
422 2833 575 2865 sarcos
607 2821 649 2862 A
779 2826 892 2865 1834
922 2820 1155 2877 poscimus
1187 2835 1209 2864 e
1239 2820 1480 2864 Poscimur
1510 2821 1555 2863 A
