1940 3072
12 130 110 204 245
171 127 209 139 ²*
695 150 714 162 ν·
759 139 803 180 ν»
839 140 1076 184 1178-232
1152 172 1156 175 -
1254 158 1262 161 «
1668 141 1731 194 17

22 260 58 320 ,ἕ
126 272 214 314 205
233 262 472 316 Diuitias
495 264 694 318 nimiae
718 281 927 332 semper
950 263 1122 318 fecere
1146 267 1432 334 tyrannos:

151 348 154 349 ’
234 332 379 386 Hinc
403 331 606 387 Marius
630 333 758 386 hinc
784 333 932 402 Sylla
954 333 1099 388 ferus
1124 335 1253 387 hine
1265 332 1439 389 Cinna
1464 337 1731 405 cruentuS,

234 403 366 456 Inde
391 403 499 456 fuit
522 407 738 470 Caesar,
765 403 1058 458 dominatio
1084 405 1258 474 prima
1286 408 1517 458 senatus,-

234 472 287 526 N
291 491 376 526 am
404 473 636 526 domitor
659 474 863 542 Libyae
888 474 1153 528 bellorum
1179 474 1359 544 Scipio
1385 476 1593 528 fulmen

8 580 27 604 s..
235 543 413 596 Fortis
437 544 650 596 adultus
676 543 849 597 adhuc
874 547 1019 598 totos
1045 546 1138 614 qui
1163 546 1294 598 uicit
1317 545 1547 598 Hiberos

84 675 91 678 ,
128 623 216 664 210
240 612 666 683 Hannibalisque
691 617 895 668 trucem
919 614 1084 685 fregit
1106 634 1202 684 per
1226 615 1367 668 bella
1390 615 1629 669 furorem

16 693 26 709 ”
236 684 319 736 Ac
342 684 715 753 populatorem
740 683 1015 738 Romanae
1041 686 1217 755 gentis
1242 685 1423 756 adegit

238 752 464 807 Sorbere
488 755 824 808 mortiferum
850 773 946 808 ceu
971 756 1165 824 pocula
1186 756 1384 808 blanda
1408 774 1678 808 uenenum

237 823 312 876 Et
339 827 499 894 caput
523 824 817 877 infaustum
842 825 1051 894 legatus
1077 827 1224 878 uexit
1249 825 1315 878 ad
1340 827 1543 894 urbem,

18 938 46 958 ,
238 893 543 948 Minturnas
569 895 819 963 depulsus
846 896 974 948 obit.
1025 896 1146 964 pius
1170 895 1294 947 inde
1318 894 1573 948 Camillus

38 963 44 969 ’
132 974 218 1015 215
243 964 438 1017 Missus
462 966 521 1017 in
547 965 782 1033 exilium,
808 983 907 1018 nec
932 965 1164 1018 Romula
1186 969 1330 1018 tecta
1354 966 1562 1019 uideret

239 1033 315 1087 Ni
338 1035 465 1088 satis
491 1035 720 1103 offerret,
748 1036 922 1095 uictor
946 1036 1074 1088 licet
1098 1036 1220 1088 exul
1245 1036 1312 1088 ab
1337 1037 1485 1104 urbe,

242 1104 377 1158 Cum
403 1105 770 1159 Romanorum
797 1106 967 1158 Gallis
993 1107 1191 1158 uexilla
1214 1106 1441 1174 tulisset,

240 1175 383 1229 Exul
407 1179 462 1228 et
486 1176 712 1228 extorris
738 1177 934 1228 meruit
959 1177 1021 1228 de
1049 1176 1194 1228 clade
1220 1177 1570 1244 triumphum;

242 1245 515 1298 Mentibus
539 1246 790 1315 ingenuis
815 1264 1023 1315 semper
1046 1265 1144 1314 pro
1171 1247 1289 1315 lege
1314 1249 1518 1299 tenete:

0 1367 17 1386 (4
133 1325 220 1366 220
245 1314 475 1368 Solliciti
499 1317 715 1368 ueniam
739 1316 935 1368 debent
958 1335 1170 1385 sperare
1195 1319 1442 1384 potentes

0 1386 32 1477 ἱ
243 1384 425 1439 Securi
450 1404 519 1438 ne
543 1403 712 1456 regna
733 1389 938 1454 petant.
977 1387 1068 1438 das
1095 1387 1205 1439 otia
1230 1404 1403 1454 serUO,

243 1455 373 1509 Mox
397 1456 532 1509 liber
557 1457 676 1508 uult
700 1474 813 1508 esse
838 1475 981 1509 suus‚
1033 1457 1140 1508 iam
1165 1475 1324 1509 nemo
1351 1456 1563 1524 quietus
1760 1473 1808 1518 [p.
1832 1472 1886 1518 18]

243 1525 443 1578 Diuitis
468 1526 676 1579 insidiis
702 1526 916 1579 durabit
938 1545 1172 1595 paupere
1199 1545 1367 1579 caeso.

194 1710 468 1770 Quaestio:
501 1711 576 1763 At
604 1710 835 1777 inquies:
870 1710 962 1763 sed
992 1710 1104 1778 legi
1135 1710 1423 1778 parendum
1454 1711 1538 1762 est
1570 1724 1702 1776 quae

249 1784 432 1837 sanxit
453 1785 518 1836 ut
539 1784 629 1837 uir
650 1783 810 1837 fortis
834 1785 983 1852 optet
1004 1785 1291 1852 praemium
1317 1783 1456 1851 quod
1478 1782 1640 1837 uolet.

250 1896 308 1950 Si
332 1898 478 1967 leges
502 1900 729 1950 tractare
754 1898 954 1965 placet,
984 1898 1233 1950 ueniatur
1258 1897 1325 1948 ad
1349 1897 1493 1949 illas:

143 1979 228 2018 225
254 1968 500 2036 Accipiat
526 1967 880 2036 quodcunque
904 1967 1037 2019 uelit
1060 1968 1145 2019 uir
1169 1967 1325 2019 fortis
1354 1970 1407 2019 et
1433 1970 1596 2034 optet.

250 2038 370 2090 Hoc
396 2038 545 2106 eupit
570 2041 624 2090 et
647 2056 865 2106 pauper,
892 2056 989 2105 pro
1016 2041 1144 2090 uoto
1173 2037 1353 2089 diuitis
1379 2037 1560 2104 instat,

252 2107 330 2160 Ut
353 2111 568 2160 maneat
591 2108 677 2160 lex
702 2108 811 2160 lata
834 2111 1004 2177 rogat.
1042 2108 1266 2159 uenialis
1293 2108 1472 2176 imago

252 2181 368 2231 Aut
390 2178 537 2238 ualet
561 2181 654 2230 aut
678 2181 819 2230 certe
846 2178 1184 2230 simulacrum
1211 2178 1330 2247 lege
1355 2180 1648 2245 perempta.

253 2248 466 2300 Interea
492 2266 604 2300 non
629 2265 751 2300 aera
768 2248 984 2315 micent,
1012 2266 1125 2300 non
1149 2266 1415 2300 marmora
1441 2250 1680 2315 surgant,

149 2329 235 2368 230
258 2318 312 2371 N
315 2337 372 2370 ec
399 2319 496 2370 sub
521 2318 639 2388 lege
664 2318 754 2386 pia
779 2317 935 2370 fortis
961 2336 1105 2370 noua
1129 2318 1366 2386 praemia
1391 2320 1614 2385 quaerat

259 2387 405 2449 Quae
441 2388 658 2440 damnat
681 2406 806 2440 mox
833 2391 1022 2455 sponte
1049 2406 1157 2440 sua.
1204 2406 1317 2440 non
1353 2388 1634 2439 submonet
1657 2404 1754 2438 un-

0 2028 5 2036 ·
0 1918 15 1959 ,rs
0 1762 14 1886 'rvr-«311
9 1711 14 1722 ,

261 2528 421 2597 Legis
443 2531 597 2580 cauta
621 2527 772 2580 furor
797 2545 957 2595 quam
983 2527 1112 2580 dant
1136 2546 1234 2596 pro
1261 2475 1717 2594 laiildleaffiiumphi.

266 2657 348 2697 205
379 2660 649 2708 corruptelae
680 2659 839 2709 sz‘ynum
866 2658 1127 2707 praefiaemn.
1169 2659 1348 2706 spatium
1387 2657 1537 2694 nullum
1567 2655 1757 2693 relictum

153 2717 217 2752 est
330 2713 412 2753 208
452 2711 709 2752 dominator
745 2715 1014 2764 corruptelae
1054 2718 1154 2752 nota
1194 2713 1335 2751 nersui
1370 2711 1622 2762 praeposita
1653 2716 1716 2749 est
1750 2707 1755 2762 Ι

154 2766 331 2820 Lybiae
417 2769 498 2808 216
529 2767 617 2810 lice
715 2770 796 2809 220
830 2773 1044 2819 parentes
1142 2770 1222 2808 223
1256 2766 1426 2806 durau't
1521 2768 1603 2805 22.’)
1633 2765 1759 2805 uolet

153 2836 271 2864 corr.
310 2837 369 2863 ex
405 2823 520 2863 uelit
643 2825 858 2876 2281ege
897 2826 939 2863 in
978 2837 1131 2863 rasura
1248 2825 1329 2863 229
1368 2827 1561 2875 surgunt
1676 2822 1758 2861 232

155 2882 424 2932 corruptelae
455 2886 555 2920 nota
585 2882 728 2920 uersati
754 2882 954 2932 praefioea
981 2877 987 2931 1
1024 2879 1160 2932 Legis

238 2949 458 2980 DRAcon'rn
480 2948 662 2982 carmina.
1398 2950 1423 2987 2
