1940 3072
1422 14 1433 25 »
1463 16 1471 24 ι
1650 0 1940 43 grume-*sq

753 140 769 152 '⁷
822 122 1087 202 V'56—‚1‘17
1325 179 1328 182 ι
1514 130 1528 141 ’
1690 151 1755 204 13

48 306 52 312 ·
185 288 241 331 85
266 277 507 333 Climina
528 279 852 346 temnentur‚
877 276 1140 346 fortisque
1164 276 1224 330 in
1248 294 1482 346 paupere
1507 276 1656 330 diues

50 349 78 360 ”
179 348 187 351 ”
238 347 402 412 Quid
423 348 580 401 timet
603 350 698 400 aut
721 350 872 415 optet
898 365 996 400 uos
1021 347 1200 400 saltim
1224 347 1485 400 aduertite
1510 349 1680 400 ciues:

256 418 364 473 Res
389 421 472 472 est
493 417 645 471 nulla.
668 417 813 470 domi
838 418 1020 486 cupiat
1043 435 1203 486 quam
1230 416 1379 470 diues
1402 435 1620 486 61161118,

257 487 311 542 N
313 507 386 543 on
410 506 599 568 aurum
622 506 736 540 non
760 505 973 557 gemma
995 488 1225 556 micans,
1252 491 1306 541 et
1329 488 1500 557 turpis
1525 492 1731 558 egestas

260 557 522 613 Obsedit
506 558 686 611 16111116
710 558 868 611 fores.
920 557 1139 611 audacia
1165 558 1347 611 forsan

176 640 234 680 90
256 629 514 698 Pauperis
538 629 788 680 horretur
811 646 880 681 ne
906 629 1041 681 clam
1066 627 1378 681 temerarius
1403 632 1588 681 exstet.

259 698 484 762 Quando
508 698 674 768 fugax
697 701 1071 767 praesumptus
1097 699 1199 751 erit
1223 699 1309 751 uel
1331 698 1519 751 debilis
1544 698 1756 751 audax?

258 769 400 823 Nam
426 769 472 821 si
496 769 653 822 fortis
679 772 795 821 erat
818 786 977 821 saeua
1000 769 1200 820 uirtute
1227 770 1501 837 superbus,

256 840 519 904 Praemia,
544 857 658 892 non
681 839 896 891 ueniam
920 841 1127 907 peteret
1151 839 1248 891 sub
1268 838 1430 892 *hoste
1455 857 1683 892 reorum.

260 909 414 972 Quod
437 909 576 962 nihil
602 908 818 961 admisit
842 909 1044 961 crimen
1070 909 1160 961 dat
1182 927 1352 977 praua
1375 909 1627 962 uoluntas

176 991 231 1030 95
257 979 458 1032 Diuitis
482 980 701 1032 insonti.
751 979 903 1031 furor
928 983 1008 1031 est
1031 979 1265 1031 1101111886
1290 997 1481 1032 1166616

258 1051 365 1103 Pro
387 1050 580 1119 quibus
605 1068 754 1102 arma
770 1049 909 1102 tulit.
951 1049 1078 1118 quid
1102 1051 1320 1118 prodest
1335 1049 1533 1118 pellere
1555 1049 1756 1102 bellum

258 1120 316 1175 Si
341 1124 558 1173 reuocat
582 1123 705 1188 pos't
733 1120 870 1172 bella
893 1119 1086 1172 neces?
1125 1123 1218 1172 aut
1240 1124 1398 1188 pacta
1420 1119 1654 1172 nefanda

258 1190 519 1243 Hostibus
546 1191 830 1242 obstrictus
857 1194 1035 1242 seruat
1060 1191 1151 1259 qui
1177 1191 1382 1242 ciuibus
1407 1191 1574 1242 instat

261 1260 338 1313 Ut
361 1264 599 1329 pereant,
626 1263 718 1312 aut
743 1261 857 1329 ipse
883 1261 1032 1328 cupit
1055 1260 1226 1329 magis
1254 1279 1366 1312 esse
1390 1264 1650 1329 tyrannus

157 1341 239 1382 100
264 1330 484 1384 Oiuibus
509 1331 757 1383 extinctis
784 1330 1002 1382 credens
1029 1349 1125 1382 sua
1150 1337 1278 1383 uota
1302 1331 1483 1385 latere.

259 1399 317 1454 Si
341 1401 551 1470 iugulet
574 1401 794 1453 miseros
820 1401 1018 1453 iniusta
1041 1404 1213 1453 morte
1239 1401 1478 1453 necando

260 1470 546 1541 Suspectos
573 1489 918 1539 quoscunque
944 1473 1126 1539 putat,
1151 1471 1290 1523 nihil
1317 1487 1444 1540 ergo
1466 1471 1756 1540 relinquet.

261 1541 456 1594 Omnia
480 1546 606 1593 sunt
631 1545 888 1610 suspecta.
940 1559 1058 1594 reos
1083 1542 1128 1593 si
1152 1541 1389 1594 moribus
1416 1545 1555 1594 esset

258 1612 358 1664 Ille
381 1613 580 1679 bonUS,
607 1630 818 1664 seruare
843 1611 961 1679 pios
988 1630 1199 1664 seruare
1224 1612 1492 1664 modestos

156 1693 237 1732 105
262 1681 533 1734 Debuerat
557 1683 654 1734 sub
680 1700 808 1750 pace
835 1700 954 1749 sua,
980 1700 1092 1734 non
1118 1682 1256 1734 colla
1282 1681 1548 1735 nefandus

260 1754 374 1804 Aut
396 1753 736 1804 inimicorum
760 1752 944 1804 mallet
967 1752 1166 1804 fudisse
1193 1770 1458 1820 cruorem,

263 1821 501 1902 Quorum
527 1824 692 1874 uerba
715 1840 918 1890 pauens
945 1823 1091 1874 diues
1117 1823 1339 1874 uixisset
1356 1823 1602 1874 honeste.

263 1891 351 1946 Sic
376 1893 587 1961 sapiens
614 1892 743 1943 olim
765 1891 1009 1944 Romana
1031 1893 1274 1972 potentia
1298 1893 1454 1944 iussit

260 1962 344 2016 Ne
369 1966 554 2031 pereat
580 1962 847 2032 Carthago
874 1980 1074 2014 nocens
1100 1962 1318 2014 inimica
1344 1965 1559 2014 senatus

160 2044 241 2084 110
265 2033 338 2085 Ε1
360 2051 467 2102 pop
433 2033 547 2101 puli
574 2033 902 2100 Aeneadum,
929 2036 1102 2085 cotem
1127 2033 1342 2084 uirtutis
1368 2031 1682 2084 habendam.
1781 2043 1831 2082 [p.
1855 2044 1911 2083 14]

263 2102 366 2156 Sed
390 2121 458 2155 ne
484 2103 803 2172 Troiugenis
829 2121 925 2171 per
948 2106 1192 2170 tempora
1216 2103 1372 2172 pigra
1395 2103 1607 2154 lacertis

262 2173 557 2241 Torporem
582 2192 686 2242 pax
711 2173 875 2242 longa
901 2174 1072 2240 daret,
1109 2178 1233 2241 post
1256 2174 1400 2225 111616
1423 2173 1636 2225 rebellis

221 2271 226 2274 ¹
262 2243 335 2296 Et
360 2247 676 2311 consumpta
700 2244 860 2295 simul
886 2244 1049 2295 iacuit
1073 2246 1326 2310 congesta
1350 2244 1533 2295 ruinis.

262 2313 335 2366 Et
357 2317 539 2366 tamen
557 2314 687 2366 11666
707 2317 966 2366 renouata
985 2314 1146 2366 micat
1158 2313 1350 2381 quibus
1372 2313 1565 2366 occidit
1583 2317 1758 2365 armiS.

159 2394 240 2434 115
265 2383 413 2436 Haec
438 2384 604 2452 igitur
628 2384 861 2436 recidiua
886 2384 1036 2452 uiget
1059 2388 1184 2452 post
1209 2384 1365 2436 busta
1389 2400 1671 2452 resurgens

263 2453 549 2506 Phoenicis
575 2455 632 2505 in
658 2472 875 2506 morem.
922 2455 1092 2505 uirtus
1119 2454 1401 2506 clementia
1425 2457 1651 2522 patrum.

264 2523 345 2576 Tu
370 2525 520 2576 testis
548 2523 816 2593 Carthago
844 2542 1025 2575 manes
1051 2525 1224 2575 inuita
1248 2524 1556 2591 nolensque.

271 2723 325 2761 86
357 2722 521 2763 saltrin
636 2723 690 2762 89
725 2722 911 2761 audatia
1025 2723 1079 2761 94
1112 2721 1230 2770 Quid
1259 2736 1263 2764 ι
1292 2734 1430 2773 parua
1462 2734 1574 2761 corr.
1596 2721 1756 2764 Bzceclz.

127 2815 133 2820 .
160 2778 215 2818 97
248 2777 375 2818 Scire
406 2782 547 2818 uocat
665 2780 744 2819 100
777 2778 964 2817 extintis
1083 2779 1158 2817 101
1195 2776 1426 2817 necandos
1456 2791 1568 2817 corr.
1599 2777 1757 2817 Buech-

162 2834 244 2874 103
274 2845 377 2873 reos
407 2831 454 2873 ui
484 2834 704 2873 mortibus
735 2847 848 2874 corr.
883 2833 1043 2873 Bzceclz.
1175 2835 1254 2873 104
1294 2833 1436 2875 bonos
1467 2847 1579 2876 corr.
1600 2833 1758 2874 Bueclz.

163 2890 243 2929 107
274 2889 496 2930 honestae
615 2891 694 2930 109
727 2891 821 2931 Nec
846 2887 854 2942 1
881 2888 1110 2942 Chartago
