1940 3072
196 139 266 194 48
662 143 928 189 PHAEDRI
961 143 1333 193 FABVLARVM

200 268 264 319 Et
288 267 531 326 derisuri,
559 283 656 319 non
683 270 978 333 spectaturi,
1007 269 1198 319 sedent.
1283 303 1288 309 »

201 341 416 405 Vterque
442 339 625 404 prodit.
678 337 858 388 Scurra
885 338 1152 403 degrunnit
1175 340 1315 404 prior

199 409 456 475 Movetque
481 409 683 475 plausus
707 414 757 458 et
780 408 1022 459 clamores
1046 411 1269 460 suscitat.

200 479 340 529 Tunc
365 478 602 529 simulans
626 492 735 528 sese
758 479 1067 528 vestimentis
1089 481 1307 530 rusticus

199 548 478 599 Porcellum
502 547 759 612 obtegere,
790 545 938 613 (quod
960 547 1177 599 faciebat
1200 549 1406 607 scilicet,
1740 555 1797 599 30

201 618 325 676 Sed,
351 620 406 668 in
430 620 598 684 priore
623 619 739 684 quia
764 618 834 667 nil
860 625 1225 684 compererant,
1253 618 1429 686 latens)

199 688 434 739 Pervellit
458 703 629 739 aurem
652 702 792 746 vero,
820 703 967 753 quem
993 688 1250 747 celaverat,

199 758 263 808 Et
286 773 399 808 cum
425 757 592 808 dolore
618 772 788 808 vocem
811 765 1018 808 naturae
1045 760 1296 825 exprimit.

199 827 452 878 Adclamat
474 828 687 894 populus
711 843 933 878 scurram
957 827 1111 878 multo
1136 829 1349 879 similius

199 896 471 955 Imitatum,
499 905 548 948 et
573 900 705 962 cogit
727 900 971 949 rusticum
994 898 1130 948 trudi
1153 899 1304 949 foras.
1740 904 1797 948 35

200 967 263 1017 At
285 967 369 1018 ille
393 967 584 1033 profert
606 969 772 1033 ipsum
795 968 1069 1034 porcellum
1093 983 1119 1018 e
1145 969 1270 1026 sinu,

200 1035 517 1103 Turpemque
542 1047 712 1103 aperto
737 1039 945 1103 pignore
971 1053 1192 1088 errorem
1216 1037 1458 1104 probansz

199 1104 274 1156 En
297 1107 380 1157 hic
406 1107 643 1166 declarat,
671 1108 841 1173 quales
866 1107 974 1157 sitis
997 1107 1209 1158 iudices!

197 1315 476 1358 GALVVS
504 1317 595 1358 ET
625 1234 1395 1365 QVIDFAQIBXAEIJQAVZLPEIS
1420 1316 1790 1361 DEFEO‘PVS»

268 1387 463 1436 Invenit
489 1388 652 1437 calvus
676 1388 802 1436 forte
827 1389 881 1436 in
905 1388 1053 1436 trivio
1075 1388 1339 1452 pectinem.

198 1457 422 1507 Accessit
447 1456 594 1514 alter,
623 1472 778 1522 aeque
804 1457 1027 1507 defectus
1050 1456 1183 1521 pilis.

200 1525 347 1576 Heia!
383 1527 567 1591 inquit,
595 1527 648 1575 in
674 1541 930 1576 commune
955 1526 1298 1592 quodcumque
1325 1533 1400 1577 est
1422 1526 1564 1579 lucri.

199 1595 431 1646 Ostendit
454 1595 535 1646 ille
561 1596 795 1660 praedam
820 1602 871 1646 et
895 1596 1076 1647 adiecit
1101 1597 1270 1647 simul:

201 1665 447 1730 Superum
470 1665 693 1716 voluntas
716 1667 862 1724 favit:
890 1666 976 1716 sed
999 1667 1100 1716 fato
1125 1667 1293 1717 invido
1765 1674 1795 1716 5

199 1734 497 1793 Carbonem,
524 1741 580 1785 ut
604 1737 765 1794 aiunt,
791 1751 883 1801 pro
910 1736 1142 1786 thesauro
1165 1737 1463 1788 invenimuS.
1934 1790 1940 1808 .

269 1803 423 1862 Quem
449 1819 561 1871 spes
587 1805 790 1863 delusit,
819 1806 936 1855 huic
962 1806 1163 1871 querela
1188 1808 1432 1856 convenit.
1932 1810 1940 1876 ἦ

768 1932 1082 1982 FABVLA
1118 1934 1231 1982 VII.

603 2012 1003 2056 PRINOEPS
1048 2014 1390 2060 TIBIGEN.

267 2083 362 2134 Vbi
384 2099 538 2135 vanus
564 2087 754 2136 animus
781 2101 901 2136 aura
925 2091 1095 2150 captus
1119 2083 1295 2135 frivola

198 2154 429 2219 Adripuit
453 2153 745 2204 insolentem
770 2154 869 2205 sibi
892 2155 1137 2213 fiduciam,

199 2223 365 2274 Facile
391 2224 452 2273 ad
477 2224 694 2274 derisum
719 2224 866 2275 stulta
891 2225 1064 2275 levitas
1093 2224 1303 2275 ducitur.

269 2293 509 2359 Princeps
534 2293 722 2343 tibicen
746 2295 910 2344 notior
933 2294 1097 2359 paullo
1122 2294 1230 2351 fuit,

200 2363 412 2428 Operam
435 2362 656 2429 Bathyllo
682 2363 854 2413 solitus
879 2365 932 2412 in
956 2378 1103 2413 scena
1129 2363 1264 2413 dare.
1762 2370 1791 2413 5

201 2432 246 2482 ls
270 2434 397 2483 forte
422 2432 551 2483 ludis
579 2430 694 2497 (non
719 2435 838 2483 satis
861 2434 1064 2482 memini
1090 2432 1286 2499 quibus)

199 2500 325 2551 Dum
349 2517 526 2568 pegma
549 2505 769 2569 rapitur,
797 2503 1012 2553 concidit
1038 2519 1154 2553 casu
1178 2502 1315 2567 gravi

199 2571 303 2621 Nec
329 2574 557 2637 opinanS,
586 2579 636 2623 et
661 2574 915 2623 sinistram
939 2574 1090 2637 fregit
1114 2573 1305 2630 tibiam,

199 2639 331 2690 Duas
355 2657 465 2691 cum
492 2643 686 2693 dextras
711 2643 964 2693 maluisset
989 2643 1215 2710 perdere.

200 2708 337 2759 Inter
360 2726 533 2762 manus
559 2712 779 2763 sublatus
805 2720 854 2763 et
878 2712 1084 2763 multum
1111 2727 1311 2778 gemens
1735 2717 1790 2762 10

200 2777 407 2829 Domum
432 2783 663 2833 refertur.
714 2784 911 2848 Aliquot
934 2798 1130 2834 menses
1155 2787 1427 2841 transeunt,

200 2848 273 2896 Ad
299 2852 558 2901 sanitatem
584 2853 699 2903 dum
725 2855 859 2903 venit
884 2855 1091 2905 curatio.
