1940 3072
742 157 856 199 vm
884 158 1109 212 490-553
1164 172 1166 174 v
1206 121 1211 124 ’
1664 153 1734 210 47

239 279 484 335 Conubio
511 299 694 334 seruus
719 281 934 334 ueniam
958 281 1057 333 sub
1086 281 1206 351 lege
1230 277 1410 334 mariti

16 371 75 411 4
131 361 214 402 525
234 350 409 405 Nocte
435 351 624 420 dieque
649 369 852 420 pauens
878 351 1133 420 quidnam
1157 350 1290 404 uelit
1314 350 1410 403 illa
1432 350 1616 403 iubere

238 421 386 484 Quae
411 423 586 490 specie
610 420 854 490 fulgente
878 422 1055 474 micat.
1106 420 1384 474 Menelaus
1410 422 1627 474 oberrat

236 491 473 549 Numine
499 494 807 560 contempto
833 509 946 544 non
971 491 1167 560 dicam,
1196 492 1423 562 coniuge
1448 490 1701 560 pulchra,

241 561 496 624 Quamuis
521 579 722 614 numen
747 561 898 614 adest
920 562 1143 614 ueniens
1169 561 1233 614 de
1258 562 1423 630 stirpe
1449 561 1712 614 Tonantis

238 631 396 685 Unde
421 649 592 702 genus
619 631 792 684 duco?
842 650 967 684 mox
991 632 1124 684 haec
1149 634 1230 684 est
1253 633 1418 685 uerba
1443 632 1678 700 locutuS‚

134 712 219 752 530
239 701 557 771 Tyndaridis
582 701 767 755 faciles
793 702 1044 771 quatiunt
1068 702 1298 770 suspiria
1322 719 1507 754 sensus

236 772 311 825 Et
335 773 410 824 sic
437 790 557 825 orsa
580 772 767 824 refert:
808 776 972 840 ‘quae
998 773 1067 824 sit
1090 775 1207 840 tua,
1234 771 1481 840 pulcher,
1510 772 1663 842 origo

236 842 312 895 Te
336 843 593 895 reticente
619 842 790 912 magis
816 842 1015 894 dudum
1041 842 1393 912 cognouimus
1420 859 1620 895 omnes,

237 912 338 965 Est
361 930 642 966 commune
667 929 861 981 genus:
898 912 1101 980 pariter
1123 915 1217 964 tua
1241 929 1409 982 regna
1431 915 1700 981 petamUS,

240 981 324 1036 Sis
347 983 483 1035 mihi
508 986 568 1035 tu
594 983 830 1035 coniunx
856 986 911 1035 et
934 983 1035 1034 sim
1060 982 1161 1035 tibi
1187 981 1402 1051 dignior
1427 1000 1577 1035 uxor.

133 1063 215 1104 535
235 1052 356 1106 Hoc
379 1071 505 1105 nam
528 1052 643 1105 fata
667 1053 855 1105 iubent
881 1053 969 1104 uel
993 1071 1093 1105 nos
1118 1052 1223 1105 hoc
1246 1052 1490 1121 Iuppiter
1513 1055 1735 1122 urguet:

239 1122 439 1176 Uiuere
464 1141 549 1175 me
575 1123 778 1192 gemini
802 1123 959 1175 iussit
982 1123 1080 1175 sub
1106 1125 1248 1176 sorte
1275 1123 1470 1175 mariti.

240 1192 495 1247 Conferet
519 1193 697 1245 Atridi
723 1194 963 1261 quisquis
988 1211 1073 1245 me
1099 1193 1250 1245 duxit
1274 1195 1483 1245 amator

238 1263 316 1316 Ut
339 1264 526 1316 uiuum
549 1263 817 1332 linquam,
843 1281 956 1316 non
981 1263 1088 1315 iam
1114 1264 1374 1316 moriente
1399 1263 1594 1315 marito
1605 1305 1620 1332 ‚

237 1334 372 1387 Post
393 1334 660 1386 thalamos
685 1333 845 1402 primi
871 1334 957 1386 cui
982 1334 1179 1386 debent
1202 1333 1315 1386 fata
1340 1332 1667 1386 secundum.’

132 1413 217 1454 540
236 1404 391 1457 Dixit
415 1406 470 1456 et
495 1404 692 1473 egressi
717 1421 925 1472 puppes
952 1406 1006 1456 et
1027 1404 1188 1456 litora
1212 1406 1456 1471 poscunt.

237 1474 382 1527 Dum
406 1477 594 1542 portus
619 1474 943 1542 classemque
967 1476 1176 1542 petunt,
1200 1473 1433 1541 respexit
1457 1473 1523 1526 ad
1548 1474 1735 1526 urbem

238 1544 431 1597 Pastor
457 1547 511 1596 et
534 1544 811 1613 ingentem
836 1544 974 1596 uidit
998 1561 1318 1613 consurgere
1343 1545 1541 1596 nubem

228 1615 483 1667 'Pulueris
509 1614 728 1681 extorti,
754 1615 926 1666 mouit
952 1632 1111 1683 quam
1135 1616 1293 1666 turba
1320 1617 1651 1682 sequentum.
1746 1626 1799 1666 [p.
1822 1625 1883 1668 601

239 1684 390 1737 Tunc
402 1684 555 1737 Paris
576 1684 884 1752 adloquitur
894 1685 1235 1736 comitantem
1256 1684 1454 1752 praedo
1466 1685 1708 1753 rapinam
1723 1704 1735 1737 :

132 1764 214 1805 545
239 1753 569 1807 ‘Occidimus
595 1755 783 1822 regina
806 1773 985 1822 pareS‚
1012 1773 1111 1807 nos
1138 1753 1299 1806 Graia
1323 1754 1575 1807 iuuentus

238 1825 570 1893 Insequitur,
601 1823 781 1893 gladio
809 1825 1036 1893 uestigia
1060 1827 1244 1876 nostra
1270 1825 1483 1892 sequaci

241 1894 527 1963 Captatum
551 1894 799 1962 peruenit
822 1894 924 1946 iter
948 1895 1252 1962 quicunque
1279 1894 1490 1946 satelles

241 1964 499 2034 Coniugis
526 1964 727 2016 Atridis
755 1964 1011 2016 subnixus
1039 1968 1091 2016 et
1115 1964 1327 2032 hospite
1352 1967 1544 2016 turma.

243 2033 359 2088 Nos
385 2038 711 2087 armatorum
736 2034 949 2102 rapient
974 2035 1039 2086 ad
1064 2034 1205 2086 bella
1230 2034 1477 2086 cohortes

133 2115 216 2155 550
236 2104 311 2157 Et
334 2122 540 2156 mecum
566 2103 793 2156 fortasse
820 2106 973 2156 cades
999 2105 1044 2156 si
1072 2105 1181 2156 tela
1206 2107 1533 2172 sequentur.⁹

241 2175 392 2226 Tunc
406 2173 670 2243 Spartana
680 2174 868 2226 refert:
898 2175 1142 2242 ‘iuueniS,
1166 2174 1294 2242 quid
1304 2177 1490 2226 nostra
1500 2175 1738 2227 retardas

238 2244 466 2297 Pectora
492 2244 810 2312 colloquiis?
849 2243 1154 2314 Phrygibus
1179 2248 1361 2296 tamen
1386 2262 1533 2296 arma
1560 2262 1736 2312 capes-

1315 2318 1436 2367 sant

239 2383 353 2436 Rex
379 2384 568 2436 dilecte
595 2384 743 2452 iube,
772 2401 983 2452 gressus
1009 2384 1237 2436 celerare
1262 2385 1536 2437 ministros

246 2499 330 2538 524
361 2498 599 2539 Connubio
627 2499 632 2547 1
660 2499 849 2538 maritus
881 2499 906 2537 I
916 2499 971 2538 M
1079 2499 1160 2539 5‘25
1189 2500 1308 2540 malis
1340 2498 1447 2550 quid
1476 2499 1567 2538 iam
1653 2498 1736 2538 526

134 2554 320 2595 oberrat
350 2567 463 2595 corr.
495 2567 552 2594 ecc
582 2554 764 2594 oberret
878 2556 961 2595 529
999 2557 1117 2595 malis
1150 2556 1227 2594 uix
1343 2557 1426 2596 534
1463 2553 1536 2594 Sic
1568 2555 1610 2593 in
1640 2567 1735 2595 cor-

132 2616 319 2650 rectura.
377 2616 520 2662 potest
555 2610 689 2659 fuisse
728 2611 791 2651 sis
831 2612 944 2662 quod
979 2613 1255 2651 restituerunt
1286 2610 1311 2649 I
1324 2611 1372 2649 M
1399 2608 1404 2662 Ι
1432 2611 1498 2649 tui
1539 2613 1617 2648 tua
1648 2610 1676 2649 I
1684 2609 1738 2650 M

134 2667 214 2707 537
248 2666 440 2718 quisque
471 2679 584 2706 eor-r.
621 2666 645 2705 I
656 2666 705 2705 M
811 2668 893 2706 543
923 2670 1076 2706 mouet
1178 2667 1260 2706 544
1291 2666 1437 2717 patris
1469 2678 1584 2708 corr.
1615 2665 1641 2704 I
1650 2666 1701 2706 M
1725 2664 1730 2717 Ι

135 2723 385 2762 comitante
425 2735 537 2762 corr.
569 2722 659 2761 IM
771 2722 853 2762 545
893 2734 1036 2773 regna
1075 2735 1187 2763 corr.
1220 2721 1308 2760 IM
1423 2722 1502 2761 547
1540 2722 1604 2760 iet
1631 2734 1734 2773 pro-

130 2779 273 2829 posuit
303 2778 461 2819 Bueclz.
489 2776 497 2828 Ι
524 2777 803 2830 quiccunque
898 2779 980 2818 548
1011 2778 1160 2817 Aridis
1190 2790 1305 2817 corr.
1337 2777 1362 2816 Ι
1376 2777 1423 2816 M
1517 2778 1599 2817 549
1629 2777 1736 2817 Mox

135 2833 142 2882 Ι
176 2834 361 2885 rapiens
401 2846 506 2886 quae
544 2833 704 2877 Rueck.
746 2835 906 2874 indicat
942 2847 1069 2885 posse
1113 2835 1252 2874 teneri
1287 2833 1510 2874 scribendo
1550 2833 1734 2872 Atrides

135 2890 217 2929 550
250 2889 363 2930 cade
394 2902 507 2930 corr.
541 2889 630 2928 IM
742 2892 821 2930 551
853 2889 1059 2929 retardes
