1940 3072
68 229 154 269 260

66 596 152 636 265

66 964 152 1004 270

68 1332 151 1372 275

67 1698 152 1738 280

848 81 1206 167 -12-⁴

185 215 341 282 terga
364 209 576 263 Helices
601 209 751 263 iuxta
774 211 986 278 premat
1010 209 1219 278 arduUS‚
1249 208 1384 262 haut
1405 212 1592 263 tamen
1613 226 1869 279 umquam
1919 275 1923 278 .

184 286 244 338 in
280 285 581 354 picturatae
620 284 925 352 plaustrum
962 300 1273 352 procurrere
1311 284 1501 336 matris

186 359 268 411 fas
309 359 488 427 datur,
528 357 736 427 antiqui
774 357 1029 427 quoniam
1068 357 1322 428 contagio
1361 357 1420 410 in
1456 357 1550 410 illo

188 432 427 486 criminis
468 433 522 484 et
559 433 805 484 ueterum
843 430 1157 499 prohibetur
1194 431 1352 500 culpa
1390 432 1671 484 malorum.

185 524 285 559 nec
325 506 501 558 minus
539 505 599 557 in
638 505 893 557 membris
931 505 1024 557 lux
1064 504 1159 557 olli
1197 505 1432 558 maxima
1467 505 1650 558 uibrat

187 580 458 643 omnibuS‚
499 579 651 631 ardet
689 596 824 647 apex
865 578 1052 647 capiti,
1092 579 1256 631 micat
1292 579 1454 649 ignea
1490 579 1602 632 late

186 654 426 720 dextera,
464 652 809 705 flammantur
846 652 1040 722 umeri,
1077 652 1351 705 flammam
1389 656 1572 706 mouet
1608 652 1778 706 instar

184 728 324 780 inter
362 730 650 795 utrumque
689 726 876 779 femur.
954 744 1059 795 qua
1099 744 1155 779 se
1195 726 1427 780 confinia
1464 726 1568 779 lori

185 800 453 853 deducunt
490 800 737 870 pedibus,
776 800 949 853 maior
982 800 1096 865 fax
1133 799 1356 853 luminis
1395 818 1553 853 auras

184 876 435 927 uerberat
474 877 528 926 et
564 874 772 943 reliquo
813 873 960 926 sidus
998 873 1173 943 magis
1214 876 1425 927 aestuat
1463 876 1624 927 astro.

183 967 311 1001 nam
350 949 498 1000 locus
537 946 812 1000 Arcturo
853 965 1004 1001 sacer
1039 947 1137 1000 hic
1175 947 1519 1017 adscribitur,
1558 947 1724 1017 illinc,

186 1039 347 1075 aurea
386 1039 492 1090 qua
531 1039 789 1077 summos.
810 1021 1157 1090 adstringunt
1195 1022 1411 1091 cingula
1448 1021 1696 1091 amictuS,

186 1096 336 1149 ebria
372 1095 673 1147 flammanti
711 1095 992 1164 consurgit
1029 1095 1190 1147 stella
1226 1097 1435 1148 rubore.

260 1169 377 1231 Qua
414 1168 809 1237 protenduntur
846 1168 1080 1238 uestigia
1121 1187 1331 1222 summa
1368 1168 1557 1222 Bootis

185 1261 395 1312 quaque
432 1260 530 1311 per
568 1242 873 1295 inmensum
914 1242 1469 1313 circumflagrantibus
1511 1242 1672 1295 astris

186 1317 412 1370 circulus
453 1316 690 1385 obliquo*
710 1317 818 1368 late
857 1316 995 1369 iacet
1034 1316 1264 1386 astriger
1303 1317 1453 1383 orbe,

184 1390 548 1458 contemplare
588 1407 769 1442 sacros
810 1390 1080 1442 subiectae
1118 1391 1401 1459 uirginis
1442 1392 1606 1442 artus,

184 1482 347 1532 quam
370 1467 439 1532 te,
466 1481 627 1532 quam
649 1463 980 1516 memorem?
1021 1464 1136 1516 siue
1164 1468 1244 1516 est
1267 1465 1483 1534 genitor
1505 1463 1608 1515 tibi
1632 1482 1870 1517 summus

182 1536 426 1606 Iuppiter
465 1539 519 1589 et
557 1536 816 1589 Themide
855 1537 911 1589 in
948 1538 1120 1590 terras
1161 1537 1394 1591 demissa
1432 1539 1725 1607 parente’S,

185 1628 278 1663 seu
316 1610 489 1679 patris
528 1608 746 1662 Astraei
785 1610 992 1663 clarum
1031 1628 1086 1664 es
1128 1628 1321 1681 genus,
1361 1629 1521 1664 aurea
1560 1611 1707 1664 cuius
1751 1614 1754 1616 ’

186 1683 361 1737 sidera
400 1686 528 1736 sunt
565 1683 745 1753 proles
785 1686 839 1736 et
878 1684 970 1754 qui
1007 1702 1104 1754 pro
1146 1703 1364 1738 munere
1403 1703 1613 1738 morum

183 1758 595 1827 inculpabilium
633 1775 831 1810 nomen
871 1757 1017 1811 dedit
1055 1758 1305 1811 omnibus
1344 1759 1520 1812 astris·

301 1922 387 1961 260
426 1916 611 1961 Helices
659 1931 681 1961 e
718 1916 901 1962 Helicet
944 1916 989 1961 V
1020 1917 1181 1962 Helice
1219 1919 1266 1962 A
1310 1919 1326 1974 ΙΙ
1370 1918 1501 1963 iuxta
1549 1918 1612 1962 Ve
1655 1917 1787 1963 uixta
1824 1919 1870 1963 A

183 1980 269 2020 264
302 1975 384 2020 olli
415 1976 461 2019 A
493 1975 558 2020 oli
597 1975 641 2019 V
668 1975 782 2020 olim
812 1991 834 2021 e
932 1980 1017 2020 265
1049 1976 1195 2022 micat
1224 1978 1301 2022 Ae
1330 1977 1481 2035 migat
1518 1977 1562 2021 V
1584 1978 1600 2033 ΙΙ
1630 1976 1770 2034 ignea
1809 1978 1871 2023 Ve

182 2048 236 2079 ex
283 2047 423 2078 aurea
468 2048 633 2079 manus
663 2039 689 2079 1
730 2034 778 2077 A
928 2040 1014 2080 266
1053 2035 1350 2080 flammantur
1386 2037 1552 2093 scripsi
1589 2037 1646 2091 ef.
1685 2040 1871 2081 Hermes

186 2094 274 2136 XI
302 2107 352 2150 p.
385 2096 481 2138 252
519 2107 564 2137 n.
597 2097 659 2138 12
705 2093 892 2137 flamma
929 2095 1101 2138 tumeri
1140 2094 1184 2138 V
1216 2094 1354 2139 flama
1391 2096 1551 2140 tamen
1575 2099 1683 2152 post
1711 2098 1871 2140 tamen

182 2153 379 2208 quinque
409 2153 501 2207 fere
534 2153 789 2197 litterarum
818 2154 1019 2209 spatium
1048 2166 1248 2199 uacuum
1272 2155 1316 2197 A
1349 2153 1582 2198 flammam
1604 2154 1786 2198 humeri
1809 2169 1831 2198 e
1852 2154 1868 2213 ΙΙ

181 2210 330 2254 instar
368 2211 413 2254 A
452 2210 577 2254 insta
624 2211 686 2255 Ve
806 2216 892 2256 267
931 2212 1020 2256 lori
1056 2213 1222 2268 scripsi
1258 2211 1373 2256 locis
1422 2212 1483 2257 Ve
1520 2212 1636 2257 lueis
1676 2213 1722 2256 A
1759 2213 1869 2259 latis

181 2269 428 2314 Schraderi
459 2271 802 2315 commentarius
830 2270 1035 2315 Berolin.
1106 2275 1192 2316 268
1233 2271 1468 2316 deducunt
1503 2271 1587 2316 VA
1600 2286 1621 2315 e
1644 2271 1870 2316 diducunt

181 2343 207 2373 υ
231 2330 246 2384 ΙΙ
267 2328 347 2373 fax
378 2328 440 2372 N.
472 2328 696 2373 Heinsius
748 2342 830 2373 om.
874 2329 992 2374 VAe
1023 2343 1114 2387 qua
1144 2345 1171 2375 v
1288 2335 1373 2375 269
1405 2331 1584 2386 reliquo
1615 2331 1779 2387 scripsi
1810 2331 1866 2385 cf.

182 2387 370 2431 Hermes
403 2387 507 2430 XV
534 2401 585 2444 p.
617 2391 706 2432 183
736 2402 783 2433 n.
817 2391 875 2432 53
913 2388 1054 2433 rutilo
1093 2388 1208 2433 VAe
1237 2390 1253 2445 ΙΙ
1288 2391 1472 2434 aestuat
1513 2389 1574 2434 Ve
1612 2391 1793 2434 aestaat
1822 2389 1868 2433 A

182 2450 268 2489 270
314 2444 393 2489 hic
437 2446 500 2490 N.
541 2446 765 2491 Heinsius
810 2460 892 2492 om.
942 2447 1062 2491 VAe
1232 2453 1316 2492 271
1365 2448 1561 2492 amictus
1608 2449 1685 2492 Ae
1731 2447 1870 2492 amici

192 2504 234 2547 V
313 2510 399 2548 272
430 2505 598 2549 rubore
622 2506 666 2548 A
697 2505 863 2550 robore
904 2506 966 2551 Ve
1025 2520 1072 2550 u.
1104 2509 1199 2551 273
1231 2508 1500 2551 inscribitur
1529 2506 1718 2551 VIRGO
1752 2506 1869 2550 VAe

183 2567 268 2607 273
317 2563 418 2617 Qua
473 2563 534 2608 Ve
580 2562 650 2607 ΕΤ
698 2578 790 2619 qua
835 2564 880 2607 A
933 2565 948 2621 ΙΙ
992 2565 1334 2621 protenduntur
1379 2580 1400 2609 e
1444 2565 1729 2620 protendunt
1781 2565 1867 2608 VA

182 2626 269 2665 274
309 2621 785 2679 circumflagrantibus
826 2623 911 2667 VA
944 2623 1339 2680 circfiflagratibus
1371 2639 1393 2668 e
1512 2629 1597 2668 276
1632 2622 1867 2668 subiectae

192 2680 253 2724 Ve
283 2681 366 2724 sub
396 2682 550 2725 tectae
576 2681 621 2724 A
690 2686 774 2725 277
808 2696 1012 2726 summus
1035 2683 1081 2726 A
1114 2698 1270 2727 sumus
1301 2683 1345 2727 V
1407 2688 1491 2727 278
1525 2685 1573 2726 et
1595 2685 1671 2726 Ae
1701 2695 1758 2726 ex
1791 2681 1867 2740 Vll

180 2740 329 2782 terras
362 2753 382 2783 e
412 2740 537 2783 terra
570 2740 654 2783 VA
678 2741 693 2796 ΙΙ
724 2740 925 2785 demissa
951 2741 997 2784 A
1030 2740 1220 2785 dimissa
1253 2741 1314 2785 Ve
1336 2744 1351 2798 ΙΙ
1373 2740 1603 2799 parente's
1627 2741 1868 2797 Haupiius

184 2797 240 2850 cf.
266 2797 452 2841 Hermes
486 2798 593 2841 VII
613 2812 663 2854 p.
690 2801 748 2842 13
778 2801 993 2854 parentes
1027 2799 1089 2844 Ve
1111 2801 1303 2855 parente
1327 2802 1372 2843 A
1445 2804 1529 2844 279
1556 2813 1602 2843 es
1633 2814 1655 2844 e
1679 2804 1749 2843 est
1781 2799 1865 2843 VA
