1940 3072
0 1568 67 1611 ³50

0 2084 66 2158 {²⁵8

768 111 1124 165 -15-

105 247 204 299 pro
243 228 419 299 pudor
456 229 627 300 adque
667 229 841 285 dolor!
916 232 1168 283 nascetur
1205 229 1366 282 uilior
1406 232 1554 283 aetas

106 306 160 357 et
197 303 431 357 lacerata
469 321 635 374 genas
674 304 777 358 ibit
815 303 1045 357 Bellona
1082 321 1178 373 per
1216 304 1376 357 urbes

106 378 309 447 saucia,
347 381 409 431 ut
447 377 641 431 infidas
681 378 893 448 agitent
931 377 1226 431 certamina
1264 375 1496 431 mentis?

103 451 238 504 haec
274 451 368 504 ubi
405 454 710 520 permaesto
748 469 909 504 rauco
951 453 1298 521 congesserat
1337 469 1450 519 ore,

105 525 230 578 alite
269 542 530 594 procursu
570 543 685 578 sese
723 525 782 578 in
821 543 1059 578 conuexa
1095 524 1303 578 ferebat

102 599 349 668 protinus
389 598 561 668 adque
601 599 784 652 oculos
822 598 1038 669 fugiens
1079 616 1243 652 exosa
1283 601 1601 668 sequentum

101 672 384 742 linquebat
422 675 607 726 coetus
646 673 937 726 hominum.
1009 672 1120 725 ruit
1156 673 1290 725 haec
1328 690 1538 742 quoque
1577 690 1790 726 rursum

102 745 320 799 uiuendi
360 746 522 799 series
564 764 625 800 ac
666 763 967 799 successere
1010 746 1257 814 pudendo

103 837 260 873 aerea
301 820 478 873 saecla
515 820 722 873 habitu.
796 819 946 873 fraus
985 820 1134 873 ilicet
1173 822 1227 872 et
1263 819 1412 872 furor
1451 819 1641 873 ardens

102 893 274 963 adque
313 897 566 947 cruentus
606 912 757 947 amor
797 893 1040 963 chalybis
1081 893 1365 963 segnisque
1404 893 1573 947 libido

101 968 155 1019 et
191 967 503 1020 malesuada
538 968 675 1020 lucri
713 967 889 1020 rabies
930 967 1097 1036 subit,
1136 966 1318 1020 omnia
1355 970 1529 1020 terror

100 1040 329 1111 degener
368 1058 429 1093 ac
466 1044 703 1094 maestae
741 1041 907 1094 facies
947 1041 1248 1094 formidinis
1286 1041 1469 1109 inplet.

101 1115 291 1167 secreti
329 1114 626 1168 inmodicus
667 1115 808 1167 uada
846 1115 1077 1185 gurgitis
1116 1114 1310 1167 ultima
1346 1118 1530 1168 uersat

98 1187 322 1257 Tiphys,
360 1187 646 1258 Agenoreo
688 1189 832 1242 color
871 1189 996 1242 hinc
1036 1188 1312 1241 mentirier
1352 1190 1499 1242 ostro

98 1260 291 1330 incipit
329 1261 718 1332 Assyriumque
758 1262 954 1315 bibunt
991 1281 1135 1316 noua
1172 1262 1375 1315 uellera
1412 1262 1622 1331 fucum,

99 1335 247 1388 ebria
285 1338 347 1388 ut
387 1339 625 1389 extremo
666 1336 1004 1404 splendescat
1042 1336 1168 1390 lana
1205 1353 1430 1388 ueneno,

100 1408 176 1461 sic
213 1409 358 1462 iusta
396 1410 453 1461 in
491 1409 722 1479 populos
762 1428 887 1463 mox
926 1410 1157 1479 uirginis
1197 1409 1500 1478 inculpatae

99 1499 341 1535 exarsere
382 1482 503 1536 odia
542 1486 596 1535 et
635 1484 841 1536 caelum
881 1483 1190 1552 pernicibus
1229 1483 1399 1535 intrat

100 1556 225 1608 diua
264 1556 363 1608 alis
406 1557 745 1626 spatiumque
786 1557 890 1610 sibi
930 1558 1188 1610 subuecta
1226 1574 1322 1625 per
1359 1574 1541 1623 auras,

98 1630 236 1682 unde
277 1631 461 1699 procul
498 1634 670 1684 terras
711 1650 918 1683 summa
957 1632 1047 1683 uix
1086 1633 1325 1684 cerneret
1363 1631 1572 1699 aethra,

97 1706 318 1772 propter
356 1703 548 1757 anhela
585 1705 759 1757 libens
798 1705 906 1757 late
947 1705 1092 1774 capit
1132 1706 1277 1757 astra
1316 1702 1520 1756 Bootis,

171 1776 336 1830 Istius
377 1778 628 1830 extremis
668 1796 975 1831 umerorum
1015 1778 1256 1846 partibus
1296 1780 1455 1846 urget

99 1851 255 1903 stella
293 1850 466 1904 facem
506 1852 756 1921 qualique
794 1852 991 1904 rubent
1029 1850 1277 1904 incendia
1315 1850 1552 1920 flamma,

101 1941 235 1992 quae
277 1924 517 1978 subiecta
555 1926 744 1994 procul
784 1925 1008 1978 caudam
1048 1924 1267 1977 maioris
1308 1924 1374 1976 ad
1414 1942 1571 1977 ursae

99 1997 298 2050 uertice
336 1999 596 2052 brumalis
637 1999 1132 2052 circumuoluuntur
1171 1997 1409 2066 Olympi,

97 2071 330 2138 plurima
371 2072 567 2140 quippe
607 2073 792 2141 procul
832 2073 1032 2125 claram
1073 2071 1164 2123 fax
1205 2071 1355 2123 ardet
1394 2072 1450 2123 in
1489 2074 1697 2140 arcton,

215 2251 302 2291 334
349 2246 514 2291 infidas
554 2246 736 2303 agitent
785 2246 857 2290 Vc
895 2245 1047 2289 infidis
1087 2246 1268 2302 agitent
1298 2259 1352 2291 ex
1398 2244 1542 2290 infida
1582 2245 1785 2301 sagitent

95 2319 259 2350 mamus
289 2310 321 2351 2
359 2307 405 2349 A
444 2307 460 2362 ΙΙ
498 2305 666 2349 mentis
711 2305 750 2349 V
794 2304 958 2349 meteis
998 2305 1043 2348 A
1083 2307 1231 2349 metas
1269 2319 1291 2349 e
1441 2309 1526 2349 336
1571 2318 1667 2349 sese
1716 2305 1785 2349 Ve

97 2378 196 2409 sere
229 2368 268 2421 (r
300 2365 474 2411 litterae
496 2378 614 2421 pars
645 2377 776 2408 erasa
807 2364 1007 2419 uidetur)
1040 2364 1084 2407 A
1192 2369 1276 2408 337
1311 2366 1585 2420 sequentum
1615 2363 1684 2407 Ae
1716 2377 1784 2407 se-

95 2423 336 2479 quentium
373 2423 418 2468 V
461 2428 569 2492 ‚339
604 2423 744 2468 series
775 2424 852 2467 Ae
883 2421 1066 2524 segiensl
1087 2422 1132 2465 V
1201 2427 1296 2525 {⁴225
1319 2422 1592 2525 rffialelsusadss
1620 2422 1785 2524 ’(Γῑξιᾶἐῗε-

96 2482 929 2599 ἳῗβῗςὲἓζζεᾶπΑὮΑζθῒέὲὲοεῗ
964 2495 991 2526 a
1022 2496 1126 2585 ⁴316
1166 2540 1343 2584 uellera
1373 2496 1660 2583 Eeyuellara
1678 2496 1744 2583 pV
1769 2539 1785 2598 Η

96 2600 251 2645 fucum
297 2600 341 2645 V
372 2601 557 2646 succum
586 2601 632 2644 A
670 2599 852 2644 succum
884 2613 906 2643 e
1026 2603 1109 2643 347
1152 2600 1359 2665 entremo
1409 2598 1471 2643 Ve
1511 2600 1699 2643 externo
1738 2600 1784 2642 A

97 2706 183 2746 348
215 2702 338 2748 iusta
361 2717 383 2748 e
406 2703 537 2748 iuxta
570 2703 654 2747 VA
729 2707 812 2748 352
845 2702 1034 2759 propter
1067 2701 1128 2746 Vc
1152 2668 1344 2758 pidjptgi·
1366 2700 1413 2745 A
1482 2704 1567 2746 356
1593 2700 1784 2745 circum-

96 2761 348 2806 uoluuntur
370 2762 416 2806 A
449 2762 819 2807 circumuoluunt
852 2761 894 2806 V
979 2775 1025 2806 u.
1051 2764 1144 2806 358
1174 2761 1247 2806 hic
1270 2762 1490 2806 collocaui
1514 2760 1572 2815 cf.
1597 2759 1785 2805 Hermes

100 2820 255 2864 XIII
271 2834 321 2879 p.
355 2824 448 2866 358
478 2835 524 2865 n.
557 2825 617 2866 36
648 2821 822 2865 claram
850 2820 1015 2876 scripsi
1046 2820 1174 2864 clara
1213 2819 1298 2864 VA
