1940 3072
798 159 977 205 LIBER
1012 160 1090 205 111.

695 299 737 347 F
750 298 847 347 AB
859 299 906 346 V
917 299 958 346 L
970 299 1017 347 A
1054 299 1211 347 XVII.

405 379 732 421 ARBORES
762 379 844 420 IN
870 379 1175 421 DEORVM
1202 380 1498 424 TVPELA.

220 449 372 508 Olim,
401 465 523 516 quas
546 450 727 499 vellent
753 465 860 500 esse
886 453 939 500 in
965 450 1117 500 tutela
1142 466 1245 508 sua,

149 519 259 570 Divi
285 521 513 583 legerunt
540 519 760 570 arbores.
814 519 1036 577 Quercus
1060 519 1164 570 Iovi

147 588 210 639 Et
235 596 424 655 myrtus
448 590 631 639 Veneri
658 590 868 655 placuit,
897 589 1097 640 Phoebo
1121 590 1306 649 laurea,

148 659 301 709 Pinus
327 659 578 725 Cybebae,
607 661 818 726 populus
844 660 974 709 celsa
999 659 1219 709 Herculi.

148 729 366 779 Minerva
392 729 664 786 admirans,
693 744 846 795 quare
872 729 1067 779 steriles
1093 736 1362 787 sumerent,

148 798 492 864 interrogavit.
545 799 751 849 Causam
778 799 903 848 dixit
925 799 1174 865 Iuppiter:

148 869 395 919 Honorem
419 870 584 919 fructu
609 884 672 919 ne
698 869 952 918 videamur
976 869 1208 918 vendere.

148 946 233 995 At,
261 938 594 997 meherculeS,
621 938 846 988 narrabit
869 939 1001 1004 quod
1027 941 1139 1004 quis
1161 939 1388 996 voluerit,

148 1008 285 1058 Oliva
311 1008 458 1058 nobis
482 1015 686 1074 propter
710 1010 926 1058 fructum
953 1015 1028 1059 est
1052 1010 1257 1072 gratior.

148 1078 287 1128 Tunc
313 1080 385 1128 sic
411 1078 616 1128 deorum
642 1081 839 1143 genitor
866 1085 1011 1144 atque
1036 1079 1293 1128 hominum
1320 1086 1474 1129 sator:

149 1148 189 1198 Ο
216 1154 354 1206 nata,
381 1150 561 1198 merito
587 1150 787 1213 sapiens
813 1149 980 1198 dicere
1006 1147 1260 1198 omnibus!

150 1217 255 1268 Nisi
281 1218 401 1268 utile
428 1224 503 1268 est
527 1218 657 1283 quod
681 1219 914 1276 facimus,
942 1218 1090 1268 stulta
1116 1224 1193 1267 est
1217 1218 1389 1282 gloria.

219 1287 355 1338 Nihil
382 1302 529 1352 agere
556 1288 686 1353 quod
711 1303 809 1337 non
834 1290 995 1353 prosit
1019 1286 1199 1337 fabella
1226 1288 1471 1339 admonet.

680 1400 999 1448 FABVLA
1035 1400 1220 1448 XVIII.

343 1483 534 1524 PAVO
564 1482 660 1523 AD
690 1481 1029 1523 IVNONEM
1057 1481 1152 1522 DE
1182 1481 1369 1524 VocE
1402 1482 1553 1525 SVA.

219 1554 346 1602 Pavo
373 1554 433 1602 ad
456 1553 694 1602 Iunonem
720 1554 855 1602 venit
878 1552 1082 1615 indigne
1107 1553 1291 1610 ferenS,

150 1624 331 1673 Cantus
356 1623 553 1672 luscinii
579 1622 709 1688 quod
735 1622 832 1672 sibi
858 1637 959 1672 non
986 1621 1246 1680 tribuerit;

151 1693 292 1742 Illum
319 1708 426 1743 esse
452 1694 643 1742 cunctis
666 1691 839 1742 avibus
864 1691 1223 1750 admirabilem,

152 1762 214 1811 Se
239 1763 481 1820 derideri,
511 1762 655 1811 simul
683 1778 739 1811 ac
764 1777 933 1810 vocem
960 1764 1168 1811 miserit.

151 1832 291 1882 Tunc
317 1832 597 1881 consolandi
624 1834 783 1895 gratia
811 1832 935 1880 dixit
960 1832 1074 1881 deat

152 1902 249 1951 Sed
276 1903 434 1951 forma
461 1904 641 1958 vincia,
671 1903 827 1950 vincis
853 1901 1218 1965 magnitudine:

154 1973 296 2022 Nitor
322 1972 568 2035 smaragdi
596 1971 718 2020 collo
744 1971 1022 2036 praefulget
1047 1977 1131 2019 tuo

154 2042 402 2107 Pictisque
428 2042 607 2107 plumis
632 2056 905 2105 gemmeam
933 2040 1136 2090 caudam
1165 2041 1395 2105 explicas.

152 2111 257 2169 Quo
283 2114 376 2169 mi,
405 2114 588 2176 inquit,
617 2116 800 2160 mutam
828 2113 1067 2175 speciem,
1096 2112 1137 2160 si
1163 2114 1334 2159 vincor
1359 2112 1510 2160 sono?

155 2183 387 2232 Fatorum
415 2181 622 2231 arbitrio
648 2187 815 2246 partes
841 2188 954 2230 sunt
979 2180 1117 2229 vobis
1142 2181 1307 2230 datae:

154 2250 271 2300 'nbi
296 2252 477 2308 forma,
505 2253 636 2300 vires
661 2250 876 2316 aquilae,
905 2251 1114 2300 luscinio
1138 2251 1309 2307 melos,

154 2323 426 2384 Augurium
453 2336 621 2377 corv0,
649 2321 785 2370 laeva
813 2323 999 2370 cornici
1027 2322 1205 2378 omina,

157 2391 434 2455 Omnesque
461 2392 676 2455 propriis
702 2396 815 2440 sunt
840 2396 1095 2440 contentae
1122 2390 1335 2440 dotibus·

226 2460 334 2509 Noli
362 2461 608 2510 adfectare
635 2461 766 2525 quod
792 2459 884 2509 tibi
911 2476 1005 2510 non
1035 2468 1109 2510 est
1135 2461 1315 2516 datum,

157 2529 329 2579 Delusa
357 2546 418 2578 ne
446 2546 558 2594 spes
583 2530 643 2579 ad
669 2530 918 2594 querelam
944 2530 1146 2578 recidat.

710 2642 1027 2690 FABVLA
1063 2642 1193 2690 XIX.

385 2722 696 2765 AESOPVS
725 2721 1141 2764 RESPONDET
1174 2722 1526 2767 GARRVLO.

230 2795 447 2858 Aesopus
473 2795 669 2843 domino
696 2794 826 2844 solus
852 2808 963 2843 cum
991 2800 1118 2843 esset
1144 2794 1346 2851 familia,

162 2861 341 2912 Parare
369 2878 539 2913 cenam
566 2866 731 2914 iussus
757 2871 832 2914 est
856 2863 1118 2914 maturius.

1675 159 1745 212 29

1699 1087 1752 1128 10

1696 2186 1752 2229 10

1702 2536 1753 2578 15
