1940 3072
801 163 1160 216 —55-

140 285 226 336 ast
265 282 410 336 orbis
448 281 611 335 medii
650 282 697 334 si
735 281 923 335 caedat
961 279 1201 350 Cynthia
1237 280 1491 349 formam,

141 359 361 410 octauos
401 358 552 409 ortus
592 358 888 425 octauaque
926 355 1173 424 plaustra
1211 353 1440 408 docebit.

25 444 110 486 335
143 430 370 500 denique
409 448 530 483 cum
568 431 686 482 toto
726 429 826 482 dea
861 429 971 482 iam
1011 429 1303 481 surrexerit
1341 446 1455 497 ore,

24 812 110 856 340

11 1186 13 1188 ’
25 1182 110 1224 345

25 1551 111 1593 350

27 1920 113 1963 355

141 504 352 574 integer
389 507 450 556 ut
487 503 672 573 magni
707 503 1047 572 resplendeat
1085 502 1317 555 ambitus
1358 502 1504 556 orbis
1514 545 1528 573 ,

143 577 412 631 effluxisse
452 578 555 630 sibi
594 577 757 631 medii
794 579 904 630 iam
942 580 1189 645 tempora
1227 577 1427 629 mensis

141 651 466 705 monstrabit
506 652 667 704 caelo.
741 651 886 720 pleni
926 668 1046 704 011111
1085 668 1269 703 rursus
1310 667 1482 719 egena

142 725 250 778 oris
289 728 397 795 eat,
435 727 589 778 tanto
628 725 922 794 procedens
959 724 1159 776 lumine
1197 724 1426 793 formae,

141 799 332 853 inserit
371 799 528 853 aeriis
568 802 827 867 quantum
865 799 964 851 dea
1000 798 1234 851 nubibus
1273 798 1414 868 ignis
1424 840 1438 867 ,

142 892 260 927 esse
299 872 624 926 senescentis
666 873 882 925 sibimet
919 871 1197 942 dispendia
1234 873 1434 925 mensis

141 947 238 1000 illa
276 946 452 1017 docet,
491 947 685 1017 quibus
723 947 781 999 in
818 946 968 999 rutili
1008 945 1241 999 confinia
1278 946 1463 999 fratris

140 1021 303 1074 tertia
339 1022 432 1073 uix
470 1020 670 1074 mundo
710 1023 956 1089 superest
992 1020 1097 1073 uia.
1173 1038 1295 1073 cum
1334 1020 1512 1073 minus
1554 1023 1734 1073 autem

141 1095 455 1148 umbrarum
495 1094 750 1164 excludit,
791 1097 918 1148 sunt
955 1095 1091 1147 tales
1133 1096 1389 1163 quattuor
1427 1096 1575 1147 ortus

142 1169 429 1222 marcentis
469 1169 651 1238 lunae,
691 1169 874 1237 quales
916 1169 1015 1221 sub
1056 1186 1238 1220 mense
1278 1172 1467 1221 renato

144 1245 402 1312 quattuor
439 1246 738 1313 exsurgunt
774 1242 1080 1312 languentis
1119 1241 1338 1294 luminis
1378 1243 1622 1310 umbrae,

144 1317 316 1386 adque
353 1316 438 1369 his
479 1319 701 1370 octonas
740 1316 1019 1369 includunt
1058 1315 1242 1368 ordine
1280 1316 1439 1369 luces.

143 1390 547 1444 interiectorum
587 1408 871 1443 numerum
912 1407 1123 1459 quoque
1162 1407 1322 1443 nosse
1362 1390 1567 1442 dierum

142 1467 394 1534 prompta
431 1465 522 1516 uia
561 1467 663 1518 est:
702 1464 924 1534 proprio
965 1481 1175 1532 semper
1213 1463 1310 1516 dea
1347 1463 1592 1532 proditur
1632 1481 1745 1532 ore,

145 1539 371 1591 scandat
409 1540 612 1608 quanta
649 1539 855 1607 polum,
895 1538 1143 1607 quotiens
1182 1540 1397 1590 temone
1437 1538 1692 1590 iuuencos

145 1612 424 1665 strinxerit
462 1614 516 1664 et
555 1615 758 1682 quanto
797 1612 906 1664 iam
945 1612 1162 1664 tramite
1201 1611 1420 1680 liquerit
1458 1611 1645 1664 undas.

217 1685 298 1738 Ac
338 1685 640 1739 decedentis
679 1689 954 1754 postrema
994 1686 1306 1754 crepuscula
1344 1686 1521 1738 noctis

143 1760 228 1812 bis
269 1778 362 1812 sex
401 1759 556 1829 signa
593 1759 718 1827 tibi,
757 1777 893 1829 quae
931 1763 1114 1812 uersat
1153 1759 1380 1828 signifer
1420 1759 1585 1827 orbis,

144 1834 548 1901 monstrabunt,
588 1851 747 1885 cursu
785 1851 911 1885 nam
950 1832 1199 1886 Phoebus
1240 1832 1453 1901 singula
1492 1835 1669 1885 mutat

147 1925 358 1976 semper
396 1910 451 1960 et
489 1907 696 1960 alterno
738 1907 974 1960 succedit
1011 1907 1067 1958 in
1108 1907 1290 1958 omnia
1329 1907 1509 1975 lapsu,

147 1981 433 2035 conficiens
472 1982 577 2034 iter
617 1981 931 2033 aetherium.
1007 1998 1150 2033 nunc
1188 1981 1380 2049 igneus
1419 1980 1563 2032 istud

269 2176 382 2215 1333
414 2171 490 2216 ast
518 2184 540 2215 e
563 2171 702 2214 Astat
733 2170 809 2226 Vll
834 2169 999 2214 caedat
1024 2170 1190 2226 scripsi
1212 2170 1268 2223 cf.
1294 2169 1482 2214 Hermes
1510 2168 1647 2211 XVI
1666 2182 1717 2224 p.
1743 2171 1835 2214 126

146 2244 193 2275 n.
218 2233 280 2274 83
311 2230 447 2275 cedat
479 2230 523 2274 V
583 2234 696 2274 1334
729 2233 919 2273 octauos
950 2243 976 2272 v
1009 2231 1201 2273 octauus
1234 2228 1303 2272 Ve
1366 2232 1479 2272 1335
1505 2226 1709 2272 dea-iam
1736 2243 1835 2271 sur-

147 2288 321 2333 rexerit
344 2303 422 2334 ore
455 2289 500 2333 V
517 2303 599 2334 om.
625 2289 671 2331 A
765 2293 878 2332 1336
907 2289 958 2331 ut
982 2287 1141 2344 magni
1162 2287 1458 2343 resplendeat
1481 2285 1685 2331 ambitus
1711 2286 1835 2330 orbis

158 2348 202 2391 V
221 2362 304 2393 om.
330 2349 375 2392 A
468 2353 578 2393 1337
605 2347 837 2392 effluxisse
864 2347 907 2389 V
927 2346 1106 2390 effluxis
1122 2346 1167 2389 A
1189 2347 1204 2402 ΙΙ
1229 2346 1317 2390 sibi
1342 2346 1483 2391 medii
1506 2346 1602 2389 iam
1622 2347 1836 2402 tempora

149 2407 319 2451 mensis
359 2407 403 2450 V
436 2420 518 2452 om.
552 2407 597 2451 A
719 2410 832 2450 1338
873 2405 1148 2449 monstrabit
1182 2405 1310 2449 eaelo
1342 2405 1470 2462 pleni
1502 2419 1526 2449 v
1557 2404 1839 2449 monstrabit

150 2466 281 2510 caelo
322 2466 473 2523 spleni
511 2466 555 2510 V
578 2469 681 2522 post
713 2465 828 2508 XII
857 2465 1110 2509 litterarum
1139 2466 1340 2521 spatium
1370 2463 1500 2521 pleni
1530 2463 1574 2506 A
1615 2461 1836 2507 Monstra-

149 2525 221 2569 bit
266 2525 419 2570 caelos
464 2524 593 2581 pleni
640 2539 661 2568 e
812 2528 926 2567 1340
971 2523 1093 2580 ignis
1134 2525 1299 2579 scripsi
1335 2523 1468 2580 ignes
1517 2522 1641 2566 VAe
1678 2522 1836 2578 ignem

153 2583 341 2628 Grotius
373 2585 429 2639 cf.
455 2597 753 2640 proyramma
784 2583 1058 2637 Erfurtense
1089 2598 1130 2626 a.
1166 2585 1284 2627 1882
1314 2597 1358 2637 p
1396 2582 1447 2624 X
1562 2585 1671 2624 1341
1708 2594 1835 2625 sene-

153 2641 323 2688 scentis
356 2643 399 2686 V
427 2657 558 2687 senes
589 2642 738 2687 contis
763 2643 807 2685 A
909 2646 1021 2685 1342
1054 2642 1101 2684 in
1132 2641 1263 2685 rutili
1295 2641 1337 2684 V
1364 2653 1446 2685 mn.
1479 2640 1525 2683 A
1621 2644 1734 2684 1346
1765 2640 1837 2683 111-

152 2700 293 2746 minis
331 2717 353 2747 e
397 2702 571 2747 lumine
611 2702 654 2744 V
688 2701 886 2744 lumines
923 2702 1117 2745 correxit
1147 2700 1193 2743 A
1316 2704 1426 2743 1347
1462 2699 1533 2744 his
1573 2700 1618 2743 V
1643 2698 1715 2742 bis
1747 2698 1792 2741 A
1823 2698 1838 2755 Η

154 2762 344 2805 octonas
386 2761 429 2804 V
455 2775 538 2805 om.
570 2761 615 2805 A
739 2764 852 2804 1350
883 2759 1103 2804 iuuencos
1144 2759 1228 2802 VA
1247 2773 1268 2803 e
1297 2758 1477 2814 iugales
1509 2774 1535 2804 v
1568 2759 1624 2813 cf.
1651 2758 1839 2802 Hermes

158 2819 296 2863 XVI
319 2833 365 2876 p.
397 2824 489 2865 130
519 2834 564 2863 n.
597 2823 655 2864 91
780 2822 892 2863 1355
924 2818 1131 2863 succedit
1161 2818 1209 2861 in
1242 2818 1397 2861 omnia
1426 2817 1560 2873 lapsu
1593 2817 1746 2874 (labsu
1782 2816 1825 2859 V
1824 2822 1840 2874 )

165 2878 208 2921 V
213 2892 233 2922 e
264 2892 348 2923 om.
380 2878 426 2922 A
548 2883 661 2923 1356
693 2877 781 2922 iter
812 2877 1070 2922 aetherium
1102 2891 1223 2921 nunc
1254 2877 1417 2933 igneus
1457 2876 1501 2920 V
1528 2890 1611 2921 om.
1645 2879 1689 2922 A

1851 445 1893 476 10

1852 817 1895 849 15

1852 1186 1895 1217 20

1855 1554 1899 1586 25

1856 1923 1899 1955 30
