1940 3072
743 163 923 210 LIBER
958 165 1036 213 IV.

88 287 248 351 Aegre
274 289 464 353 recepti
490 294 657 338 tamen
682 295 942 339 evaserunt
967 305 1156 340 necem.

89 356 250 407 Duces
274 372 470 415 eorum,
506 360 590 423 qui
617 358 866 423 capitibus
890 374 1074 409 cornua

91 425 205 476 Suis
227 426 464 492 ligarant,
492 434 548 476 ut
572 430 895 493 conspicuum
919 430 971 478 111
995 430 1187 495 proelio

87 496 341 547 Haberent
365 499 584 561 signum,
611 498 741 563 quod
767 505 1095 564 sequerentur
1119 499 1316 558 milites,

88 566 305 617 Haesere
330 568 383 616 in
408 568 567 633 portis
592 573 805 634 suntque
831 570 962 634 capti
990 568 1051 619 ab
1076 569 1327 627 hostibus:

87 635 219 694 Quos
242 636 502 687 inmolatos
526 638 685 687 victor
710 638 868 688 avidis
891 638 1122 688 dentibus

88 707 292 772 Capacis
317 707 410 756 alvi
435 709 612 757 mersit
635 713 854 758 tartareo
879 723 1048 774 specu.

157 775 524 842 Quemcumque
549 777 786 843 populum
811 779 969 828 tristis
994 785 1198 828 eventus
1221 781 1422 844 premit,

85 845 400 897 Periclitatur
424 847 709 911 magnitudo
733 848 1045 913 principum;

85 916 270 966 Minuta
295 916 468 981 plebes
491 917 626 966 facili
651 917 902 982 praesidio
927 918 1064 968 latet.

645 1046 1115 1123 FABvLAvn.

582 1167 1187 1211 PHAEDRVS.

156 1268 253 1323 Tu,
282 1269 390 1333 qui,
418 1274 617 1324 nasute,
646 1270 830 1334 scripta
857 1268 1125 1331 destringis
1150 1282 1260 1317 mea

84 1337 147 1387 Et
170 1337 262 1386 hoc
286 1339 507 1387 iocorum
532 1337 699 1401 legere
724 1337 919 1387 fastidis
945 1352 1113 1401 genus

83 1407 238 1456 Parva
262 1405 484 1456 libellum
509 1408 697 1457 sustine
723 1409 978 1472 patientia,

85 1477 409 1527 Severitatem
434 1477 616 1526 frontis
640 1477 757 1526 dum
782 1477 922 1542 placo
945 1483 1058 1527 tuae

83 1547 144 1597 Et
167 1548 220 1596 in
246 1547 501 1596 cothurnis
523 1546 692 1611 prodit
714 1548 934 1612 Aesopus
957 1549 1113 1597 novis,

152 1616 347 1666 Vtinam
371 1632 464 1666 nec
489 1631 722 1682 umquam
746 1617 872 1666 Pelii
897 1618 1115 1666 nemoris
1139 1618 1255 1681 iugo

82 1687 237 1736 Pinus
261 1686 458 1751 bipinni
494 1687 792 1736 concidisset
818 1686 1074 1736 Thessala!

82 1756 184 1806 Nec
210 1756 270 1805 ad
295 1758 544 1821 professae
570 1758 745 1806 mortis
771 1757 1005 1807 audacem
1031 1759 1158 1806 viam

82 1825 398 1876 Fabricasset
421 1826 580 1889 Argus
605 1841 754 1891 opere
779 1826 996 1876 Palladio
1021 1833 1193 1882 ratem,

82 1895 399 1961 Inhospitalis
421 1898 584 1961 prima
610 1911 736 1961 quae
762 1898 900 1961 ponti
926 1898 1063 1945 sinus

82 1966 322 2015 Patefecit
344 1969 397 2015 in
422 1967 696 2031 perniciem
721 1965 924 2015 Graium
950 1972 1000 2017 et
1024 1965 1314 2015 barbarum!

83 2035 303 2100 Namque
331 2042 380 2085 et
404 2035 607 2100 superbi
632 2036 767 2099 luget
792 2036 970 2085 Aeetae
997 2035 1184 2091 domus,

82 2106 144 2155 Et
168 2120 320 2169 regna
345 2105 507 2155 Peliae
535 2106 721 2155 scelere
747 2106 945 2155 Medeae
971 2108 1148 2161 iacent,

82 2174 216 2233 Quae
241 2191 438 2225 saevum
463 2177 718 2239 ingenium
742 2178 895 2225 variis
918 2176 1168 2225 involvens
1192 2176 1352 2225 modis

81 2245 186 2294 Illic
210 2261 301 2310 per
327 2251 465 2295 artus
489 2246 661 2295 fratris
687 2246 923 2311 explicuit
946 2247 1127 2309 fugam,

81 2314 173 2364 Hic
200 2316 350 2364 caede
375 2317 532 2380 patris
557 2315 813 2365 Peliadum
838 2317 1011 2365 infecit
1036 2331 1225 2365 manus,

152 2384 279 2442 Quid
305 2384 398 2434 tibi
424 2385 651 2434 videtur?
700 2385 804 2434 Hoc
829 2401 1022 2451 quoque
1048 2386 1289 2435 insulsum
1317 2393 1414 2443 est,
1442 2388 1530 2443 ai8‚

81 2455 321 2520 Falsoque
348 2454 558 2511 dictum;
584 2455 727 2519 longe
754 2457 868 2521 quia
893 2458 1134 2506 vetustior

81 2526 273 2589 Aegaea
298 2524 459 2574 Minos
482 2525 636 2574 classe
662 2525 946 2589 perdomuit
970 2527 1098 2574 freta

81 2594 312 2659 Iustoque
338 2594 606 2644 vindicavit
631 2595 854 2659 exemplo
880 2597 1117 2659 inpetum.

82 2663 212 2722 Quid
239 2679 356 2728 ergo
381 2680 581 2728 possum
606 2665 769 2713 facere
795 2663 913 2721 tibi,
942 2665 1095 2713 lector
1123 2665 1257 2716 Cato,

83 2733 135 2783 Si
160 2749 253 2783 nec
278 2732 485 2783 fabellae
512 2740 560 2783 te
587 2735 756 2783 iuvant
781 2749 872 2783 nec
898 2733 1117 2783 fabulae!

82 2802 192 2852 Noli
220 2803 455 2853 molestus
480 2818 586 2852 esse
614 2806 811 2852 omnino
837 2804 1032 2859 litteriS,

80 2872 316 2923 Maiorem
341 2873 606 2923 exhibeant
630 2888 690 2922 ne
718 2873 808 2922 tibi
836 2874 1125 2922 molestiam.

1263 2955 1340 3005 3*

1635 716 1691 760 10

1628 1904 1684 1946 10

1627 2252 1683 2295 15

1625 2602 1682 2644 20
