1986 3060
341 758 699 821 PHAEDRI
741 758 1086 821 AVGVSTI
1127 759 1445 820 LIBER'I'I

126 922 838 993 FABVLARVM
873 921 1655 994 'AESOPIARVM

588 1094 831 1144 LIBER
876 1094 1193 1145 PRIMVS.

694 1399 1082 1442 ZPIUDIADGFVS.

159 1485 381 1550 Aesopus
407 1489 579 1535 auctor
603 1499 751 1548 quam
775 1485 1034 1533 materiam
1057 1486 1295 1549 repperit,

90 1554 228 1605 Hanc
254 1569 345 1619 ego
370 1554 521 1620 polivi
546 1552 772 1603 versibus
798 1555 1026 1603 senariis.

89 1625 282 1690 Duplex
305 1623 462 1674 libelli
489 1623 575 1673 don
602 1631 703 1673 est:
743 1623 874 1690 quod
898 1625 1056 1674 risum
1080 1631 1244 1675 movet

89 1694 154 1744 Et
177 1694 306 1760 quod
331 1693 564 1759 prudenti
594 1695 743 1744 vitam
770 1694 977 1743 consilio
1002 1702 1186 1744 monet.

90 1764 391 1815 Calumniari
416 1764 574 1829 siquis
598 1770 762 1813 autem
786 1763 1013 1821 voluerit,
1660 1771 1691 1814 ὅ

90 1832 233 1891 Quod
259 1832 463 1888 arbores
487 1832 774 1897 loquantur,
801 1847 900 1882 non
926 1840 1117 1883 tantum
1142 1835 1296 1892 ferae,

93 1903 249 1956 Fictis
273 1904 429 1954 iocari
455 1917 544 1952 nos
569 1903 855 1952 meminerit
880 1901 1076 1952 fabulis,

688 2028 1092 2077 FABVLAI.

574 2109 806 2151 tanwrs
834 2109 1209 2153 Eur.As{NUVS.

162 2180 236 2229 Ad
260 2181 421 2230 rivum
446 2179 658 2230 eundem
682 2180 827 2245 lupus
854 2187 903 2229 et
927 2195 1081 2244 agnus
1105 2188 1342 2231 venerant

94 2250 188 2300 Siti
214 2249 465 2314 conpulsi;
504 2251 734 2316 superior
761 2249 923 2299 stabat
945 2250 1090 2316 lupus

91 2319 358 2385 Longaque
384 2320 594 2369 inferior
620 2333 790 2390 agnus.
840 2319 980 2370 Tunc
1004 2322 1147 2371 fauce
1172 2320 1383 2387 inproba

91 2388 241 2440 Latro
265 2390 500 2440 incitatus
524 2391 605 2454 iur
640 2391 677 2439 ii
702 2405 897 2440 causam
919 2390 1101 2441 intulit.

93 2458 215 2516 Cur,
243 2460 296 2509 in
331 2460 429 2516 uit,
457 2457 573 2510 turb
630 2465 793 2509 entam
816 2460 982 2510 fenim
1006 2460 1129 2510 mihi
1660 2469 1689 2512 ὁ

92 2529 279 2593 Aquam
342 2527 532 2579 ibenti‘?
579 2528 793 2593 LanIger
818 2536 988 2579 contra
1013 2532 1217 2580 timens:

92 2596 190 2655 Qui
213 2613 440 2663 possum,
468 2612 672 2664 quaese,
699 2600 890 2657 facere,
919 2600 1049 2663 quod
1074 2602 1325 2665 quereris,
1351 2600 1497 2668 lupe?

93 2671 134 2717 A
157 2674 208 2717 te
234 2667 454 2718 decurrit
479 2668 540 2718 ad
563 2683 700 2718 meos
723 2668 928 2719 haustus
954 2670 1131 2735 liquor.

92 2736 335 2802 Repulsus
359 2738 442 2787 ille
470 2740 694 2788 veritatis
718 2738 929 2789 viribus:

94 2808 218 2855 Ante
242 2806 332 2856 hos
359 2823 444 2857 sex
468 2823 663 2858 menses
688 2807 836 2866 male,
866 2811 956 2866 ait,
986 2809 1156 2859 dixisti
1181 2810 1321 2861 mihi.
1635 2817 1688 2858 10

93 2875 363 2941 Respondit
389 2892 565 2942 agnus:
615 2878 857 2943 Equidem
882 2885 1024 2929 natus
1048 2894 1148 2930 non
1172 2895 1324 2933 eram.

177 2970 434 3005 rnAnnnvs.
1318 2962 1346 3014 1
