1940 3072
794 183 972 230 LIBER
1004 184 1066 231 v.
1188 161 1192 165 ’
1507 184 1512 190 ·
1661 180 1732 236 45

609 418 848 469 LIBER
886 420 1254 478 QVINTVS.

694 530 878 572 mEM
907 517 1158 574 POETA.

197 613 377 680 Aesopi
401 628 580 665 nomen
607 615 768 665 sicubi
793 619 1158 681 interposuero,

128 684 216 735 Cui
241 684 438 734 reddidi
463 687 561 735 iam
586 686 782 750 pridem
807 687 1040 752 quicquid
1066 685 1234 743 debui,

126 755 445 804 Auctoritatis
471 770 580 805 esse
605 757 731 805 scito
755 759 936 820 gratia:

126 822 187 873 Vt
211 824 410 890 quidam
435 826 651 875 artifices
675 831 844 875 nostro
869 826 1057 875 faciunt
1082 823 1264 882 seculo,

126 893 221 952 Qui
244 896 463 959 pretium
488 894 723 960 operibus
747 896 906 945 maius
930 896 1214 952 inveniunt,
1242 909 1366 943 novo
1701 900 1732 943 5

129 964 181 1014 Si
207 966 443 1014 marmori
469 965 840 1030 adscripserunt
863 965 1145 1015 Praxitelen
1169 980 1274 1021 suc,

127 1033 267 1083 Trito
291 1034 546 1100 Myronem
571 1043 799 1099 argento,
826 1034 1023 1085 tabulae
1050 1034 1331 1085 Zeuxidem.

128 1104 263 1154 Adeo
286 1105 478 1155 fucatae
504 1105 618 1170 plus
639 1107 870 1155 vetustati
895 1107 1023 1155 favet

128 1174 316 1223 Invidia
339 1175 545 1223 mordax
570 1190 718 1239 quam
742 1175 887 1224 bonis
911 1174 1277 1239 praesentibus,

130 1243 228 1293 Sed
252 1246 351 1294 iam
376 1244 437 1294 ad
460 1243 691 1295 fabellam
715 1245 829 1294 talis
853 1245 1068 1310 exempli
1093 1245 1247 1294 feror.
1675 1248 1732 1293 10

724 1427 1047 1488 FABVIJA
1086 1426 1131 1476 1.

218 1523 633 1565 DEME‘rmvs
661 1524 812 1565 REX
840 1523 932 1564 Eu:-
962 1521 1368 1564 MENANDER
1396 1507 1643 1566 POETA.

339 1604 579 1658 Quomodo
608 1617 749 1661 saepe
776 1603 975 1648 fallatur
999 1601 1243 1647 hominm
1271 1601 1508 1648 iudicium.

199 1707 504 1765 Demetrius,
531 1708 617 1771 qui
644 1706 807 1756 dictus
833 1712 909 1756 est
931 1705 1214 1763 PhalereuS,

131 1776 348 1826 Athenas
373 1777 630 1841 occupavit
653 1777 848 1841 inperio
873 1775 1104 1841 inprobo.

130 1846 191 1894 vt
215 1861 320 1895 mos
347 1851 422 1895 est
444 1846 602 1909 vulgi,
628 1848 814 1910 passim
840 1852 892 1895 et
916 1847 1144 1895 certatim
1167 1846 1270 1895 ruit

133 1956 163 1974 ‚,
179 1916 487 1965 Feliciter!“
512 1915 835 1966 succlamanS.
884 1914 987 1980 Ipsi
1011 1916 1267 1980 principes

132 1986 267 2036 Illam
293 1985 602 2043 osculantur,
629 2000 726 2050 qua
751 1992 865 2036 sunt
890 1986 1139 2050 oppressi,
1167 1999 1382 2043 manum,
1703 1990 1733 2031 5

133 2056 299 2105 Tacite
325 2061 583 2119 gementes
606 2056 800 2105 tristem
825 2056 1053 2105 fortunae
1077 2055 1254 2105 vicem.

133 2126 262 2183 Quin
288 2127 438 2175 etiam
466 2125 657 2174 resides
684 2131 734 2175 et
759 2131 1023 2191 sequentes
1048 2126 1218 2182 otium,

132 2196 207 2245 Ne
233 2195 449 2245 defuisse
474 2202 672 2253 noceat,
699 2202 881 2260 repunt
906 2196 1095 2252 ultimi;

133 2265 190 2315 In
215 2266 329 2330 quis
352 2264 645 2323 Menander,
671 2265 855 2315 nobilis
880 2265 1166 2320 comoediis,

134 2335 264 2393 Quas
288 2337 451 2399 ipsum
475 2336 709 2398 ignorans
734 2335 921 2399 legerat
945 2335 1223 2384 Demetrius
1680 2338 1734 2382 10

135 2406 196 2454 Et
222 2404 491 2453 admiratus
515 2406 679 2455 fuerat
702 2406 956 2468 ingenium
980 2406 1092 2462 viri,

136 2475 392 2537 Vnguento
419 2474 694 2531 delibutuS,
721 2477 902 2525 vestitu
926 2475 1101 2530 fluenS,

137 2543 375 2593 Veniebat
401 2558 571 2607 gressu
599 2544 806 2595 delicato
833 2552 881 2594 et
905 2544 1155 2608 languido,

52 2672 57 2676 ῃ
137 2614 276 2662 Hunc
303 2613 388 2662 ubi
412 2622 647 2678 tyrannus
672 2615 797 2663 vidit
822 2621 1044 2663 extremo
1070 2613 1290 2676 agmine:

138 2682 371 2739 Quisnam
396 2684 629 2733 cinaedus
653 2683 739 2732 ille
765 2686 818 2732 in
843 2689 1159 2748 conspectum
1184 2697 1347 2731 meum
1680 2686 1732 2727 15

138 2752 297 2801 Audet
320 2753 519 2802 venire?
569 2753 946 2819 Responderunt
970 2754 1207 2817 proximi:

140 2821 231 2869 Hic
258 2828 333 2871 est
356 2822 625 2871 Menander
649 2826 877 2888 scriptor.
927 2823 1140 2871 Mutatus
1167 2823 1354 2872 statim:

142 2891 319 2949 Home,
347 2893 531 2957 inquit,
560 2894 669 2942 fieri
695 2909 792 2942 non
818 2899 980 2958 potest
1004 2893 1284 2941 formosior.
