1940 3072
0 141 51 171 ἢ,

0 255 26 293 Τζ·

0 303 39 349 5²,

148 193 157 198 ,
299 144 302 146 ’
328 155 356 197 4-
568 195 571 197 ,
722 152 764 192 x
795 135 1019 195 iss-246
1141 134 1165 145 ’“
1363 143 1366 146 “
1556 129 1557 132 ’
1604 151 1671 207 67

52 279 152 326 ‘215
168 273 385 343 Reddat,
403 278 463 329 et»
481 275 709 345 incipias
733 276 930 329 iterum
954 293 1051 330 ceu
1075 279 1242 333 nauta
1266 278 1491 331 uenire.'

0 347 13 366 '²
174 343 319 398 Dum
342 345 584 415 loquitur
605 346 862 415 pinnatus
889 347 1081 416 Amor,
1107 347 1217 400 iam
1241 347 1398 418 uirgo
1423 347 1638 402 leuabat

173 414 442 469 Destricto
467 433 723 469 mucrone
747 434 982 469 manum.
1033 418 1277 486 captiuus
1300 417 1461 471 Iason

12 543 18 547 ,
170 484 476 539 Exclamat:
515 489 789 540 ‘succurre
814 485 1026 556 Π611118,
1053 505 1298 540 succurre
1325 487 1548 557 CupidO.

170 555 287 609 Iam
310 555 500 625 ferior,
527 555 716 609 Medea
738 556 911 610 ferit.'
962 557 1037 610 816
1060 557 1221 611 fatus,
1268 560 1324 611 at
1347 559 1438 611 ille

15 675 18 678 ,
45 636 150 679 ’220
166 625 566 749 ffinea'sidereo
592 627 869 696 componit
892 627 1098 696 spicula
1121 646 1315 697 neru0‚

229 696 320 750 isit
343 696 696 750 arundineum
720 715 817 766 per
840 697 1086 751 flammea
1110 715 1310 751 cornua
1334 698 1562 767 ferrum,

0 767 15 787 ”
59 804 62 805 ⁷
143 797 146 799 >
171 767 407 820 Stridula
429 767 538 820 tela
561 768 775 820 uolant:
814 768 1035 837 rapiunt
1064 767 1377 836 praecordia
1400 768 1665 839 flammaS,

171 835 346 891 Corda
370 837 549 891 calent
574 838 820 906 oculique
845 838 1054 907 labant,
1081 839 1313 907 suspiria
1336 842 1617 908 rumpunt,

24 964 26 966 ,
169 907 409 961 Marcida
432 908 713 961 funereum
738 909 942 961 laxauit
966 908 1183 961 dextera
1210 908 1430 961 ferrum.

0 979 13 1044 ξ
62 988 146 1029 225
167 977 272 1032 Sed
294 979 478 1031 nutrix
502 978 696 1030 mirata
718 996 897 1031 moras
935 978 1048 1031 edic
1082 979 1237 1049 uirgo
1259 979 1388 1048 quid
1411 978 1663 1032 haeres?

2 1074 9 1081 ·
167 1048 418 1118 Increpat
443 1053 591 1102 ‘ecce
614 1049 732 1102 feri.
778 1049 943 1119 fibrae
967 1050 1246 1118 rapiantur
1270 1052 1325 1101 et
1349 1051 1497 1117 exta,

170 1118 488 1172 Consultum
514 1118 604 1171 det
625 1118 739 1171 fata
762 1119 922 1172 iecur.
978 1118 1166 1172 Medea
1190 1119 1453 1172 moraris?

171 1189 492 1242 Occidimus.
541 1189 800 1257 torpescit
822 1190 966 1242 iners
992 1190 1234 1242 antistita
1262 1189 1506 1242 Phoebes

0 1318 5 1322 ἡ
166 1259 440 1312 Permixto
465 1259 669 1328 pallore
694 1261 916 1328 rubenS‚
941 1278 1055 1312 non
1079 1260 1286 1312 lumina
1309 1260 1510 1324 uibrat,

0 1345 7 1383 3
60 1340 146 1380 230
164 1329 294 1384 Non
319 1329 452 1382 furit
476 1333 570 1382 aut
592 1330 809 1382 tremuli
829 1330 1057 1382 strident
1081 1331 1139 1382 in
1163 1348 1434 1382 murmure
1461 1332 1662 1385 dentes,

0 1402 9 1406 ”
168 1399 277 1454 Gur
300 1399 569 1454 homicida
593 1417 750 1452 118688
777 1403 831 1452 et
854 1404 961 1453 stas
987 1401 1117 1452 rea?
1163 1400 1254 1453 sed
1278 1418 1370 1453 rea
1392 1418 1507 1453 11011
1532 1418 1587 1466 68

167 1469 225 1525 Si
248 1470 415 1523 fucris
440 1469 709 1522 homicida
731 1470 921 1540 magiS.
972 1489 1066 1523 cur
1092 1470 1325 1538 explicat
1351 1473 1496 1522 artus

165 1542 279 1594 Aut
301 1541 480 1610 tangit
504 1558 598 1592 cur
623 1558 779 1609 saepe
805 1544 992 1610 caput,
1020 1540 1149 1610 quid
1174 1541 1343 1609 spirat
1366 1540 1545 1593 hiatus

0 1660 11 1667 1
167 1610 288 1664 0118
315 1617 370 1664 et
395 1610 462 1663 ad
486 1629 679 1664 zonam
705 1611 863 1682 digiti
887 1612 1177 1664 mittuntur
1201 1610 1472 1663 inermes?

59 1691 142 1731 235
163 1685 251 1747 An
278 1699 467 1751 magus
494 1685 574 1733 est
597 1682 771 1750 pirata
795 1682 974 1734 iacens
1001 1685 1056 1734 et
1080 1699 1229 1734 sacra
1254 1680 1462 1733 Dianae

165 1752 438 1804 Murmure
463 1751 693 1804 sollicito
718 1752 971 1820 prohibet
994 1752 1261 1820 soluitque
1286 1751 1614 1820 profanus‘?'

164 1822 387 1875 Dixerat
411 1824 465 1874 et
489 1821 726 1890 gladium
751 1821 965 1874 dextrae
990 1822 1279 1875 reuocabat
1303 1822 1464 1873 inerti

162 1893 336 1961 Impia
360 1893 533 1960 turpis
559 1910 708 1944 anus,
759 1910 941 1944 rursus
968 1892 1267 1944 conclamat
1289 1891 1475 1944 Iason:

165 1969 181 1990 ‘
195 1962 428 2015 Uictima
447 1980 580 2030 sum,
607 1979 784 2034 pereo,
810 1962 1008 2032 iugulis
1028 1962 1166 2014 male
1183 1979 1366 2015 mucro
1386 1962 1658 2015 minatur.'

57 2043 142 2082 240
158 2032 423 2085 Pinnatus
448 2033 667 2085 subrisit
691 2034 862 2085 Amor
885 2050 1171 2100 rursusque
1198 2033 1420 2101 sagittas

2 2105 12 2111 “
162 2103 297 2156 Iecit
322 2106 376 2155 et
399 2102 634 2155 ardentis
658 2103 909 2155 nutantia
933 2102 1094 2155 corda
1116 2101 1327 2171 fatigat.

162 2176 389 2226 Aestuat
412 2173 618 2225 interea
642 2174 804 2225 sacris
828 2173 1056 2241 repetita
1080 2173 1323 2225 sacerdos
1683 2200 1737 2238 [p.
1760 2196 1818 2238 35]

162 2244 188 2296 I
229 2244 404 2296 nibus,
457 2243 669 2295 effatur:
713 2247 853 2295 ‘non
879 2246 960 2296 est
984 2243 1117 2295 haec
1142 2242 1362 2295 uictima
1386 2243 1563 2313 digna.

0 2354 11 2369 3
218 2332 289 2367 on
313 2317 458 2366 torta
483 2314 687 2365 ceruice
712 2314 874 2382 iacet,
902 2313 1039 2365 male
1063 2312 1294 2381 palpitat
1318 2316 1490 2382 artUS,

56 2393 137 2433 245
158 2384 340 2454 Erigit
360 2384 649 2451 'impatiens
676 2388 729 2436 et
754 2384 962 2436 saucius
990 2387 1114 2435 ante
1141 2382 1406 2452 dolorem,

0 2452 2 2455 ’
163 2453 435 2524 Sanguine
450 2454 688 2505 membra
704 2457 902 2506 carent.
938 2454 1045 2505 iam
1055 2471 1169 2505 non
1190 2454 1291 2506 erit
1309 2454 1486 2506 hostia
1504 2457 1657 2523 grata

166 2612 250 2652 215
288 2610 458 2652 Reddet
503 2615 548 2652 et
592 2611 789 2664 incipies
832 2623 945 2652 corr.
984 2609 1145 2651 Bueck.
1290 2611 1372 2649 226
1419 2610 1658 2662 rapiuntur

84 2679 168 2707 arr.
204 2666 364 2707 Buech.
396 2666 402 2719 1
442 2673 574 2722 exsta
696 2669 777 2707 227
817 2665 1096 2706 Consultmn
1137 2666 1394 2706 consultum
1424 2680 1450 2719 γ
1573 2666 1656 2705 228

13 2764 17 2766 ,
79 2723 250 2774 opescit
303 2724 496 2775 tepescit
525 2737 551 2776 γ
583 2736 697 2764 corr.
731 2722 890 2764 Bueelz.
917 2721 923 2773 1
951 2721 1071 2761 niers
1099 2717 1106 2773 ί
1131 2720 1334 2762 Antistia
1449 2723 1531 2762 230
1569 2726 1657 2761 tre-

63 2777 188 2818 viulis
321 2781 401 2820 231
442 2779 518 2820 sed
560 2783 656 2819 stas
695 2792 808 2819 corr.
847 2778 1006 2817 Buech.
1150 2779 1231 2818 232
1270 2777 1406 2818 fueris
1443 2791 1557 2819 corr.
1599 2790 1657 2818 ex

77 2834 194 2874 uerit
306 2836 390 2876 235
421 2835 574 2876 iacens
606 2849 720 2876 corr.
754 2849 812 2876 ex
842 2846 1008 2875 nocens
1127 2835 1208 2876 237
1240 2833 1375 2874 nierti
1488 2835 1569 2874 246
1600 2834 1655 2883 cf.

71 2889 192 2931 hese.
219 2892 302 2932 879

1261 2959 1317 3001 5*
