<?xml version="1.0" encoding="UTF-8"?>
<!DOCTYPE html PUBLIC "-//W3C//DTD XHTML 1.0 Transitional//EN"
    "http://www.w3.org/TR/xhtml1/DTD/xhtml1-transitional.dtd">
<html xmlns="http://www.w3.org/1999/xhtml" xml:lang="en" lang="en">
 <head>
  <title>
</title>
<meta http-equiv="Content-Type" content="text/html;charset=utf-8" />
  <meta name='ocr-system' content='tesseract 3.04.00' />
  <meta name='ocr-capabilities' content='ocr_page ocr_carea ocr_par ocr_line ocrx_word'/>
</head>
<body>
  <div class='ocr_page' id='page_1' title='image "./phaedriaugustili00phaeuoft_0059.png"; bbox 0 0 1940 3072; ppageno 0'>
   <div class='ocr_carea' id='block_1_1' title="bbox 772 130 1064 180">
    <p class='ocr_par' dir='ltr' id='par_1_1' title="bbox 772 130 1064 180">
     <span class='ocr_line' id='line_1_1' title="bbox 772 130 1064 180; baseline 0.014 -4"><span class='ocrx_word' id='word_1_1' title='bbox 772 130 951 177; x_wconf 78' lang='lat' dir='ltr'>LIBER</span> <span class='ocrx_word' id='word_1_2' title='bbox 983 132 1064 180; x_wconf 88' lang='lat' dir='ltr'><strong>IV.</strong></span> 
     </span>
    </p>
   </div>
   <div class='ocr_carea' id='block_1_2' title="bbox 118 253 1410 1934">
    <p class='ocr_par' dir='ltr' id='par_1_2' title="bbox 118 253 1410 1934">
     <span class='ocr_line' id='line_1_2' title="bbox 120 253 1266 322; baseline 0.002 -16"><span class='ocrx_word' id='word_1_3' title='bbox 120 253 352 306; x_wconf 87' lang='lat' dir='ltr'><strong>Pervenit</strong></span> <span class='ocrx_word' id='word_1_4' title='bbox 377 253 437 304; x_wconf 90' lang='lat' dir='ltr'><strong>ad</strong></span> <span class='ocrx_word' id='word_1_5' title='bbox 463 253 693 304; x_wconf 87' lang='lat' dir='ltr'><strong>draconis</strong></span> <span class='ocrx_word' id='word_1_6' title='bbox 717 256 1001 322; x_wconf 86' lang='lat' dir='ltr'>speluncam</span> <span class='ocrx_word' id='word_1_7' title='bbox 1026 257 1266 316; x_wconf 88' lang='lat' dir='ltr'><strong>intimam.</strong></span> 
     </span>
     <span class='ocr_line' id='line_1_3' title="bbox 121 323 1068 391; baseline 0 -15"><span class='ocrx_word' id='word_1_8' title='bbox 121 323 440 376; x_wconf 84' lang='lat' dir='ltr'><strong>Custodiebat</strong></span> <span class='ocrx_word' id='word_1_9' title='bbox 463 326 550 391; x_wconf 91' lang='lat' dir='ltr'><strong>qui</strong></span> <span class='ocrx_word' id='word_1_10' title='bbox 574 325 835 377; x_wconf 83' lang='lat' dir='ltr'><strong>thesauros</strong></span> <span class='ocrx_word' id='word_1_11' title='bbox 860 325 1068 377; x_wconf 88' lang='lat' dir='ltr'><strong>abditos.</strong></span> 
     </span>
     <span class='ocr_line' id='line_1_4' title="bbox 119 394 1306 462; baseline 0.002 -18"><span class='ocrx_word' id='word_1_12' title='bbox 119 394 262 451; x_wconf 87' lang='lat' dir='ltr'><strong>Hunc</strong></span> <span class='ocrx_word' id='word_1_13' title='bbox 286 394 434 445; x_wconf 91' lang='lat' dir='ltr'><strong>simul</strong></span> <span class='ocrx_word' id='word_1_14' title='bbox 458 397 677 460; x_wconf 84' lang='lat' dir='ltr'><strong>aspexit.</strong></span> <span class='ocrx_word' id='word_1_15' title='bbox 727 394 851 454; x_wconf 90' lang='lat' dir='ltr'><strong>Oro,</strong></span> <span class='ocrx_word' id='word_1_16' title='bbox 878 404 934 447; x_wconf 91' lang='lat' dir='ltr'><strong>ut</strong></span> <span class='ocrx_word' id='word_1_17' title='bbox 957 397 1306 462; x_wconf 83' lang='lat' dir='ltr'><strong>inprudentiae</strong></span> 
     </span>
     <span class='ocr_line' id='line_1_5' title="bbox 119 462 1384 533; baseline 0.002 -18"><span class='ocrx_word' id='word_1_18' title='bbox 119 465 217 515; x_wconf 86' lang='lat' dir='ltr'><strong>Des</strong></span> <span class='ocrx_word' id='word_1_19' title='bbox 239 465 456 530; x_wconf 88' lang='lat' dir='ltr'><strong>primum</strong></span> <span class='ocrx_word' id='word_1_20' title='bbox 479 466 700 523; x_wconf 86' lang='lat' dir='ltr'><strong>veniam;</strong></span> <span class='ocrx_word' id='word_1_21' title='bbox 726 464 907 516; x_wconf 92' lang='lat' dir='ltr'><strong>deinde</strong></span> <span class='ocrx_word' id='word_1_22' title='bbox 933 469 975 516; x_wconf 90' lang='lat' dir='ltr'><strong>si</strong></span> <span class='ocrx_word' id='word_1_23' title='bbox 1001 468 1206 533; x_wconf 86' lang='lat' dir='ltr'><strong>pulchre</strong></span> <span class='ocrx_word' id='word_1_24' title='bbox 1231 462 1384 526; x_wconf 79' lang='lat' dir='ltr'><strong>videS,</strong></span> 
     </span>
     <span class='ocr_line' id='line_1_6' title="bbox 119 534 1339 596; baseline 0.002 -11"><span class='ocrx_word' id='word_1_25' title='bbox 119 534 276 593; x_wconf 90' lang='lat' dir='ltr'><strong>Quam</strong></span> <span class='ocrx_word' id='word_1_26' title='bbox 298 550 398 585; x_wconf 92' lang='lat' dir='ltr'><strong>non</strong></span> <span class='ocrx_word' id='word_1_27' title='bbox 423 536 720 586; x_wconf 90' lang='lat' dir='ltr'><strong>conveniens</strong></span> <span class='ocrx_word' id='word_1_28' title='bbox 744 551 921 587; x_wconf 86' lang='lat' dir='ltr'><strong>aurum</strong></span> <span class='ocrx_word' id='word_1_29' title='bbox 945 538 1008 587; x_wconf 89' lang='lat' dir='ltr'><strong>sit</strong></span> <span class='ocrx_word' id='word_1_30' title='bbox 1030 539 1159 588; x_wconf 88' lang='lat' dir='ltr'><strong>vitae</strong></span> <span class='ocrx_word' id='word_1_31' title='bbox 1183 553 1339 596; x_wconf 87' lang='lat' dir='ltr'><strong>meae,</strong></span> 
     </span>
     <span class='ocr_line' id='line_1_7' title="bbox 118 605 1359 673; baseline 0.002 -18"><span class='ocrx_word' id='word_1_32' title='bbox 118 605 435 672; x_wconf 86' lang='lat' dir='ltr'><strong>Respondeas</strong></span> <span class='ocrx_word' id='word_1_33' title='bbox 460 605 749 656; x_wconf 88' lang='lat' dir='ltr'><strong>clementer.</strong></span> <span class='ocrx_word' id='word_1_34' title='bbox 799 605 956 664; x_wconf 87' lang='lat' dir='ltr'><strong>Quem</strong></span> <span class='ocrx_word' id='word_1_35' title='bbox 980 607 1199 658; x_wconf 88' lang='lat' dir='ltr'><strong>fructum</strong></span> <span class='ocrx_word' id='word_1_36' title='bbox 1224 609 1359 673; x_wconf 91' lang='lat' dir='ltr'><strong>capis</strong></span> 
     </span>
     <span class='ocr_line' id='line_1_8' title="bbox 119 674 1379 743; baseline 0.002 -18"><span class='ocrx_word' id='word_1_37' title='bbox 119 675 223 726; x_wconf 91' lang='lat' dir='ltr'><strong>Hoc</strong></span> <span class='ocrx_word' id='word_1_38' title='bbox 248 689 309 725; x_wconf 90' lang='lat' dir='ltr'><strong>ex</strong></span> <span class='ocrx_word' id='word_1_39' title='bbox 332 674 526 734; x_wconf 89' lang='lat' dir='ltr'><strong>labore,</strong></span> <span class='ocrx_word' id='word_1_40' title='bbox 553 676 743 742; x_wconf 88' lang='lat' dir='ltr'><strong>quodve</strong></span> <span class='ocrx_word' id='word_1_41' title='bbox 768 682 960 727; x_wconf 91' lang='lat' dir='ltr'><strong>tantum</strong></span> <span class='ocrx_word' id='word_1_42' title='bbox 986 684 1062 727; x_wconf 90' lang='lat' dir='ltr'><strong>est</strong></span> <span class='ocrx_word' id='word_1_43' title='bbox 1088 679 1379 743; x_wconf 83' lang='lat' dir='ltr'><strong>praemium,</strong></span> 
     </span>
     <span class='ocr_line' id='line_1_9' title="bbox 119 744 1391 812; baseline 0.002 -17"><span class='ocrx_word' id='word_1_44' title='bbox 119 744 180 795; x_wconf 89' lang='lat' dir='ltr'><strong>Vt</strong></span> <span class='ocrx_word' id='word_1_45' title='bbox 203 760 372 796; x_wconf 90' lang='lat' dir='ltr'><strong>careas</strong></span> <span class='ocrx_word' id='word_1_46' title='bbox 397 761 567 796; x_wconf 90' lang='lat' dir='ltr'><strong>somno</strong></span> <span class='ocrx_word' id='word_1_47' title='bbox 594 753 643 797; x_wconf 89' lang='lat' dir='ltr'><strong>et</strong></span> <span class='ocrx_word' id='word_1_48' title='bbox 668 761 840 797; x_wconf 88' lang='lat' dir='ltr'><strong>aevum</strong></span> <span class='ocrx_word' id='word_1_49' title='bbox 864 748 919 797; x_wconf 93' lang='lat' dir='ltr'><strong>in</strong></span> <span class='ocrx_word' id='word_1_50' title='bbox 943 746 1166 797; x_wconf 89' lang='lat' dir='ltr'><strong>tenebris</strong></span> <span class='ocrx_word' id='word_1_51' title='bbox 1192 748 1391 812; x_wconf 69' lang='lat' dir='ltr'><strong>exigas?</strong></span> 
     </span>
     <span class='ocr_line' id='line_1_10' title="bbox 119 814 1410 882; baseline 0.001 -16"><span class='ocrx_word' id='word_1_52' title='bbox 119 814 348 875; x_wconf 85' lang='lat' dir='ltr'><strong>Nullum,</strong></span> <span class='ocrx_word' id='word_1_53' title='bbox 375 816 540 882; x_wconf 89' lang='lat' dir='ltr'><strong>inquit</strong></span> <span class='ocrx_word' id='word_1_54' title='bbox 563 816 674 875; x_wconf 86' lang='lat' dir='ltr'><strong>ille,</strong></span> <span class='ocrx_word' id='word_1_55' title='bbox 700 831 873 867; x_wconf 82' lang='lat' dir='ltr'><strong>verum</strong></span> <span class='ocrx_word' id='word_1_56' title='bbox 897 816 992 867; x_wconf 91' lang='lat' dir='ltr'><strong>hoc</strong></span> <span class='ocrx_word' id='word_1_57' title='bbox 1017 832 1044 867; x_wconf 90' lang='lat' dir='ltr'><strong>a</strong></span> <span class='ocrx_word' id='word_1_58' title='bbox 1069 832 1261 867; x_wconf 90' lang='lat' dir='ltr'><strong>summo</strong></span> <span class='ocrx_word' id='word_1_59' title='bbox 1286 817 1410 867; x_wconf 90' lang='lat' dir='ltr'><strong>mihi</strong></span> 
     </span>
     <span class='ocr_line' id='line_1_11' title="bbox 119 885 1278 951; baseline 0.001 -15"><span class='ocrx_word' id='word_1_60' title='bbox 119 886 232 936; x_wconf 87' lang='lat' dir='ltr'><strong>Iove</strong></span> <span class='ocrx_word' id='word_1_61' title='bbox 259 885 560 937; x_wconf 91' lang='lat' dir='ltr'><strong>adtributum</strong></span> <span class='ocrx_word' id='word_1_62' title='bbox 585 892 678 937; x_wconf 87' lang='lat' dir='ltr'><strong>est.</strong></span> <span class='ocrx_word' id='word_1_63' title='bbox 729 886 861 951; x_wconf 87' lang='lat' dir='ltr'><strong>Ergo</strong></span> <span class='ocrx_word' id='word_1_64' title='bbox 886 902 979 937; x_wconf 92' lang='lat' dir='ltr'><strong>nec</strong></span> <span class='ocrx_word' id='word_1_65' title='bbox 1004 889 1159 938; x_wconf 90' lang='lat' dir='ltr'><strong>sumis</strong></span> <span class='ocrx_word' id='word_1_66' title='bbox 1183 887 1278 937; x_wconf 89' lang='lat' dir='ltr'><strong>tibi</strong></span> 
     </span>
     <span class='ocr_line' id='line_1_12' title="bbox 119 956 1308 1023; baseline 0.001 -16"><span class='ocrx_word' id='word_1_67' title='bbox 119 957 223 1007; x_wconf 91' lang='lat' dir='ltr'><strong>Nec</strong></span> <span class='ocrx_word' id='word_1_68' title='bbox 247 956 335 1006; x_wconf 92' lang='lat' dir='ltr'><strong>ulli</strong></span> <span class='ocrx_word' id='word_1_69' title='bbox 362 956 514 1008; x_wconf 89' lang='lat' dir='ltr'><strong>donas</strong></span> <span class='ocrx_word' id='word_1_70' title='bbox 537 958 832 1023; x_wconf 72' lang='lat' dir='ltr'><strong>quicquam?</strong></span> <span class='ocrx_word' id='word_1_71' title='bbox 883 957 966 1007; x_wconf 92' lang='lat' dir='ltr'><strong>Sic</strong></span> <span class='ocrx_word' id='word_1_72' title='bbox 991 958 1106 1007; x_wconf 85' lang='lat' dir='ltr'><strong>satis</strong></span> <span class='ocrx_word' id='word_1_73' title='bbox 1130 957 1308 1022; x_wconf 86' lang='lat' dir='ltr'><strong>placet.</strong></span> 
     </span>
     <span class='ocr_line' id='line_1_13' title="bbox 120 1026 998 1085; baseline -0.001 -7"><span class='ocrx_word' id='word_1_74' title='bbox 120 1026 242 1078; x_wconf 90' lang='lat' dir='ltr'><strong>Nolo</strong></span> <span class='ocrx_word' id='word_1_75' title='bbox 265 1029 521 1085; x_wconf 86' lang='lat' dir='ltr'><strong>irascaris,</strong></span> <span class='ocrx_word' id='word_1_76' title='bbox 548 1027 708 1077; x_wconf 91' lang='lat' dir='ltr'><strong>libere</strong></span> <span class='ocrx_word' id='word_1_77' title='bbox 735 1029 778 1077; x_wconf 92' lang='lat' dir='ltr'><strong>si</strong></span> <span class='ocrx_word' id='word_1_78' title='bbox 803 1027 998 1077; x_wconf 84' lang='lat' dir='ltr'><strong>dixero:</strong></span> 
     </span>
     <span class='ocr_line' id='line_1_14' title="bbox 121 1096 1216 1163; baseline 0.001 -16"><span class='ocrx_word' id='word_1_79' title='bbox 121 1096 206 1148; x_wconf 89' lang='lat' dir='ltr'><strong>Dis</strong></span> <span class='ocrx_word' id='word_1_80' title='bbox 231 1103 307 1147; x_wconf 86' lang='lat' dir='ltr'><strong>est</strong></span> <span class='ocrx_word' id='word_1_81' title='bbox 331 1099 472 1147; x_wconf 90' lang='lat' dir='ltr'><strong>iratis</strong></span> <span class='ocrx_word' id='word_1_82' title='bbox 498 1105 665 1156; x_wconf 81' lang='lat' dir='ltr'><strong>natuS,</strong></span> <span class='ocrx_word' id='word_1_83' title='bbox 692 1100 778 1163; x_wconf 92' lang='lat' dir='ltr'><strong>qui</strong></span> <span class='ocrx_word' id='word_1_84' title='bbox 805 1103 880 1149; x_wconf 92' lang='lat' dir='ltr'><strong>est</strong></span> <span class='ocrx_word' id='word_1_85' title='bbox 904 1098 1081 1148; x_wconf 89' lang='lat' dir='ltr'><strong>similis</strong></span> <span class='ocrx_word' id='word_1_86' title='bbox 1106 1097 1216 1148; x_wconf 91' lang='lat' dir='ltr'><strong>tibi.</strong></span> 
     </span>
     <span class='ocr_line' id='line_1_15' title="bbox 191 1166 1215 1233; baseline 0 -16"><span class='ocrx_word' id='word_1_87' title='bbox 191 1167 429 1218; x_wconf 80' lang='lat' dir='ltr'><strong>Abiturus</strong></span> <span class='ocrx_word' id='word_1_88' title='bbox 453 1166 592 1225; x_wconf 90' lang='lat' dir='ltr'><strong>illuc,</strong></span> <span class='ocrx_word' id='word_1_89' title='bbox 621 1183 716 1233; x_wconf 90' lang='lat' dir='ltr'><strong>quo</strong></span> <span class='ocrx_word' id='word_1_90' title='bbox 742 1170 942 1233; x_wconf 86' lang='lat' dir='ltr'><strong>priores</strong></span> <span class='ocrx_word' id='word_1_91' title='bbox 969 1168 1215 1226; x_wconf 88' lang='lat' dir='ltr'><strong>abierunt,</strong></span> 
     </span>
     <span class='ocr_line' id='line_1_16' title="bbox 122 1237 1384 1303; baseline 0 -15"><span class='ocrx_word' id='word_1_92' title='bbox 122 1237 251 1297; x_wconf 89' lang='lat' dir='ltr'><strong>Quid</strong></span> <span class='ocrx_word' id='word_1_93' title='bbox 274 1244 441 1288; x_wconf 91' lang='lat' dir='ltr'><strong>mente</strong></span> <span class='ocrx_word' id='word_1_94' title='bbox 466 1252 613 1288; x_wconf 88' lang='lat' dir='ltr'><strong>caeca</strong></span> <span class='ocrx_word' id='word_1_95' title='bbox 637 1240 874 1288; x_wconf 89' lang='lat' dir='ltr'><strong>miserum</strong></span> <span class='ocrx_word' id='word_1_96' title='bbox 896 1244 1098 1303; x_wconf 87' lang='lat' dir='ltr'><strong>torques</strong></span> <span class='ocrx_word' id='word_1_97' title='bbox 1123 1238 1384 1303; x_wconf 74' lang='lat' dir='ltr'><strong>spiritum?</strong></span> 
     </span>
     <span class='ocr_line' id='line_1_17' title="bbox 122 1307 1197 1372; baseline -0.001 -14"><span class='ocrx_word' id='word_1_98' title='bbox 122 1307 238 1358; x_wconf 90' lang='lat' dir='ltr'><strong>Tibi</strong></span> <span class='ocrx_word' id='word_1_99' title='bbox 264 1308 399 1366; x_wconf 92' lang='lat' dir='ltr'><strong>dico,</strong></span> <span class='ocrx_word' id='word_1_100' title='bbox 427 1323 595 1365; x_wconf 86' lang='lat' dir='ltr'><strong>avare,</strong></span> <span class='ocrx_word' id='word_1_101' title='bbox 621 1308 857 1372; x_wconf 88' lang='lat' dir='ltr'><strong>gaudium</strong></span> <span class='ocrx_word' id='word_1_102' title='bbox 881 1308 1082 1359; x_wconf 90' lang='lat' dir='ltr'><strong>heredis</strong></span> <span class='ocrx_word' id='word_1_103' title='bbox 1107 1310 1197 1366; x_wconf 88' lang='lat' dir='ltr'><strong>tui,</strong></span> 
     </span>
     <span class='ocr_line' id='line_1_18' title="bbox 123 1377 1256 1443; baseline 0 -15"><span class='ocrx_word' id='word_1_104' title='bbox 123 1377 217 1437; x_wconf 80' lang='lat' dir='ltr'><strong>Qui</strong></span> <span class='ocrx_word' id='word_1_105' title='bbox 242 1383 354 1428; x_wconf 88' lang='lat' dir='ltr'><strong>ture</strong></span> <span class='ocrx_word' id='word_1_106' title='bbox 379 1392 611 1443; x_wconf 87' lang='lat' dir='ltr'><strong>superos,</strong></span> <span class='ocrx_word' id='word_1_107' title='bbox 638 1380 802 1443; x_wconf 90' lang='lat' dir='ltr'><strong>ipsum</strong></span> <span class='ocrx_word' id='word_1_108' title='bbox 826 1385 876 1428; x_wconf 93' lang='lat' dir='ltr'><strong>te</strong></span> <span class='ocrx_word' id='word_1_109' title='bbox 901 1379 1101 1429; x_wconf 87' lang='lat' dir='ltr'><strong>fraudas</strong></span> <span class='ocrx_word' id='word_1_110' title='bbox 1126 1378 1256 1436; x_wconf 88' lang='lat' dir='ltr'><strong>cibo,</strong></span> 
     </span>
     <span class='ocr_line' id='line_1_19' title="bbox 123 1447 1289 1507; baseline 0 -9"><span class='ocrx_word' id='word_1_111' title='bbox 123 1447 218 1507; x_wconf 88' lang='lat' dir='ltr'><strong>Qui</strong></span> <span class='ocrx_word' id='word_1_112' title='bbox 239 1449 399 1498; x_wconf 88' lang='lat' dir='ltr'><strong>tristis</strong></span> <span class='ocrx_word' id='word_1_113' title='bbox 424 1448 565 1498; x_wconf 90' lang='lat' dir='ltr'><strong>audis</strong></span> <span class='ocrx_word' id='word_1_114' title='bbox 588 1450 833 1498; x_wconf 90' lang='lat' dir='ltr'><strong>musicum</strong></span> <span class='ocrx_word' id='word_1_115' title='bbox 858 1448 1076 1499; x_wconf 87' lang='lat' dir='ltr'><strong>citharae</strong></span> <span class='ocrx_word' id='word_1_116' title='bbox 1101 1463 1289 1507; x_wconf 88' lang='lat' dir='ltr'><strong>sonum,</strong></span> 
     </span>
     <span class='ocr_line' id='line_1_20' title="bbox 124 1517 1099 1577; baseline -0.002 -8"><span class='ocrx_word' id='word_1_117' title='bbox 124 1517 281 1577; x_wconf 88' lang='lat' dir='ltr'><strong>Quem</strong></span> <span class='ocrx_word' id='word_1_118' title='bbox 302 1517 539 1569; x_wconf 90' lang='lat' dir='ltr'><strong>tibiarum</strong></span> <span class='ocrx_word' id='word_1_119' title='bbox 562 1524 780 1569; x_wconf 89' lang='lat' dir='ltr'><strong>macerat</strong></span> <span class='ocrx_word' id='word_1_120' title='bbox 804 1519 1099 1576; x_wconf 81' lang='lat' dir='ltr'><strong>iucunditaS,</strong></span> 
     </span>
     <span class='ocr_line' id='line_1_21' title="bbox 126 1587 1338 1655; baseline -0.001 -16"><span class='ocrx_word' id='word_1_121' title='bbox 126 1587 458 1655; x_wconf 87' lang='lat' dir='ltr'><strong>Opsoniorum</strong></span> <span class='ocrx_word' id='word_1_122' title='bbox 482 1590 643 1654; x_wconf 89' lang='lat' dir='ltr'><strong>pretia</strong></span> <span class='ocrx_word' id='word_1_123' title='bbox 668 1590 749 1640; x_wconf 92' lang='lat' dir='ltr'><strong>cui</strong></span> <span class='ocrx_word' id='word_1_124' title='bbox 774 1591 1015 1653; x_wconf 86' lang='lat' dir='ltr'><strong>gemitum</strong></span> <span class='ocrx_word' id='word_1_125' title='bbox 1040 1590 1338 1654; x_wconf 89' lang='lat' dir='ltr'><strong>exprimunt,</strong></span> 
     </span>
     <span class='ocr_line' id='line_1_22' title="bbox 125 1657 1240 1725; baseline -0.001 -16"><span class='ocrx_word' id='word_1_126' title='bbox 125 1657 221 1717; x_wconf 83' lang='lat' dir='ltr'><strong>Qui</strong></span> <span class='ocrx_word' id='word_1_127' title='bbox 244 1659 363 1709; x_wconf 92' lang='lat' dir='ltr'><strong>dum</strong></span> <span class='ocrx_word' id='word_1_128' title='bbox 387 1658 684 1724; x_wconf 88' lang='lat' dir='ltr'><strong>quadrantes</strong></span> <span class='ocrx_word' id='word_1_129' title='bbox 709 1673 915 1723; x_wconf 83' lang='lat' dir='ltr'><strong>aggeras</strong></span> <span class='ocrx_word' id='word_1_130' title='bbox 939 1660 1240 1725; x_wconf 88' lang='lat' dir='ltr'><strong>patrimonio</strong></span> 
     </span>
     <span class='ocr_line' id='line_1_23' title="bbox 127 1728 1017 1795; baseline -0.001 -15"><span class='ocrx_word' id='word_1_131' title='bbox 127 1728 332 1780; x_wconf 90' lang='lat' dir='ltr'><strong>Caelum</strong></span> <span class='ocrx_word' id='word_1_132' title='bbox 355 1729 533 1792; x_wconf 89' lang='lat' dir='ltr'><strong>fatigas</strong></span> <span class='ocrx_word' id='word_1_133' title='bbox 557 1729 756 1779; x_wconf 91' lang='lat' dir='ltr'><strong>sordido</strong></span> <span class='ocrx_word' id='word_1_134' title='bbox 780 1731 1017 1795; x_wconf 90' lang='lat' dir='ltr'><strong>periurio,</strong></span> 
     </span>
     <span class='ocr_line' id='line_1_24' title="bbox 127 1798 1275 1864; baseline 0.001 -16"><span class='ocrx_word' id='word_1_135' title='bbox 127 1798 220 1857; x_wconf 92' lang='lat' dir='ltr'><strong>Qui</strong></span> <span class='ocrx_word' id='word_1_136' title='bbox 245 1799 562 1848; x_wconf 85' lang='lat' dir='ltr'><strong>circumcidis</strong></span> <span class='ocrx_word' id='word_1_137' title='bbox 587 1814 783 1848; x_wconf 91' lang='lat' dir='ltr'><strong>omnem</strong></span> <span class='ocrx_word' id='word_1_138' title='bbox 807 1801 1067 1864; x_wconf 90' lang='lat' dir='ltr'><strong>inpensam</strong></span> <span class='ocrx_word' id='word_1_139' title='bbox 1092 1800 1275 1857; x_wconf 80' lang='lat' dir='ltr'><strong>funeri,</strong></span> 
     </span>
     <span class='ocr_line' id='line_1_25' title="bbox 128 1867 1090 1934; baseline -0.001 -15"><span class='ocrx_word' id='word_1_140' title='bbox 128 1867 347 1921; x_wconf 88' lang='lat' dir='ltr'><strong>Libitina</strong></span> <span class='ocrx_word' id='word_1_141' title='bbox 370 1867 554 1934; x_wconf 88' lang='lat' dir='ltr'><strong>nequid</strong></span> <span class='ocrx_word' id='word_1_142' title='bbox 579 1868 640 1919; x_wconf 93' lang='lat' dir='ltr'><strong>de</strong></span> <span class='ocrx_word' id='word_1_143' title='bbox 663 1876 749 1919; x_wconf 88' lang='lat' dir='ltr'><strong>tuo</strong></span> <span class='ocrx_word' id='word_1_144' title='bbox 774 1869 922 1919; x_wconf 85' lang='lat' dir='ltr'><strong>faciat</strong></span> <span class='ocrx_word' id='word_1_145' title='bbox 945 1869 1090 1919; x_wconf 88' lang='lat' dir='ltr'><strong>lucri.</strong></span> 
     </span>
    </p>
   </div>
   <div class='ocr_carea' id='block_1_3' title="bbox 630 2080 1234 2218">
    <p class='ocr_par' dir='ltr' id='par_1_3' title="bbox 630 2080 1234 2218">
     <span class='ocr_line' id='line_1_26' title="bbox 689 2080 1176 2129; baseline 0.002 -1"><span class='ocrx_word' id='word_1_146' title='bbox 689 2080 1176 2129; x_wconf 84' lang='lat' dir='ltr'><strong>FABVLAXXI.</strong></span> 
     </span>
     <span class='ocr_line' id='line_1_27' title="bbox 630 2174 1234 2218; baseline 0.003 -2"><span class='ocrx_word' id='word_1_147' title='bbox 630 2174 1234 2218; x_wconf 76' lang='lat' dir='ltr'><strong>PHAEDRVS.</strong></span> 
     </span>
    </p>
   </div>
   <div class='ocr_carea' id='block_1_4' title="bbox 132 2271 1382 2899">
    <p class='ocr_par' dir='ltr' id='par_1_4' title="bbox 132 2271 1382 2899">
     <span class='ocr_line' id='line_1_28' title="bbox 222 2271 1116 2339; baseline 0.001 -16"><span class='ocrx_word' id='word_1_148' title='bbox 222 2271 326 2331; x_wconf 89' lang='lat' dir='ltr'><strong>Quo</strong></span> <span class='ocrx_word' id='word_1_149' title='bbox 354 2272 574 2325; x_wconf 89' lang='lat' dir='ltr'><strong>iudicare</strong></span> <span class='ocrx_word' id='word_1_150' title='bbox 600 2275 783 2339; x_wconf 89' lang='lat' dir='ltr'><strong>cogitet</strong></span> <span class='ocrx_word' id='word_1_151' title='bbox 806 2276 931 2325; x_wconf 90' lang='lat' dir='ltr'><strong>livor</strong></span> <span class='ocrx_word' id='word_1_152' title='bbox 957 2275 1116 2332; x_wconf 80' lang='lat' dir='ltr'><strong>modu,</strong></span> 
     </span>
     <span class='ocr_line' id='line_1_29' title="bbox 132 2343 1298 2410; baseline 0 -16"><span class='ocrx_word' id='word_1_153' title='bbox 132 2343 271 2394; x_wconf 86' lang='lat' dir='ltr'><strong>Licet</strong></span> <span class='ocrx_word' id='word_1_154' title='bbox 295 2344 596 2402; x_wconf 90' lang='lat' dir='ltr'><strong>dissimulet,</strong></span> <span class='ocrx_word' id='word_1_155' title='bbox 624 2345 830 2410; x_wconf 89' lang='lat' dir='ltr'><strong>pulchre</strong></span> <span class='ocrx_word' id='word_1_156' title='bbox 856 2351 1021 2394; x_wconf 90' lang='lat' dir='ltr'><strong>tamen</strong></span> <span class='ocrx_word' id='word_1_157' title='bbox 1046 2343 1298 2407; x_wconf 79' lang='lat' dir='ltr'><strong>intellego·</strong></span> 
     </span>
     <span class='ocr_line' id='line_1_30' title="bbox 132 2412 1237 2480; baseline 0 -17"><span class='ocrx_word' id='word_1_158' title='bbox 132 2412 376 2480; x_wconf 90' lang='lat' dir='ltr'><strong>Quicquid</strong></span> <span class='ocrx_word' id='word_1_159' title='bbox 400 2414 596 2479; x_wconf 90' lang='lat' dir='ltr'><strong>putabit</strong></span> <span class='ocrx_word' id='word_1_160' title='bbox 620 2429 728 2465; x_wconf 91' lang='lat' dir='ltr'><strong>esse</strong></span> <span class='ocrx_word' id='word_1_161' title='bbox 755 2415 959 2479; x_wconf 88' lang='lat' dir='ltr'><strong>dignum</strong></span> <span class='ocrx_word' id='word_1_162' title='bbox 983 2415 1237 2471; x_wconf 88' lang='lat' dir='ltr'><strong>memoria,</strong></span> 
     </span>
     <span class='ocr_line' id='line_1_31' title="bbox 133 2484 1168 2550; baseline -0.002 -16"><span class='ocrx_word' id='word_1_163' title='bbox 133 2485 311 2549; x_wconf 88' lang='lat' dir='ltr'><strong>Aesopi</strong></span> <span class='ocrx_word' id='word_1_164' title='bbox 338 2484 491 2541; x_wconf 90' lang='lat' dir='ltr'><strong>dicet;</strong></span> <span class='ocrx_word' id='word_1_165' title='bbox 518 2489 562 2537; x_wconf 92' lang='lat' dir='ltr'><strong>si</strong></span> <span class='ocrx_word' id='word_1_166' title='bbox 587 2485 707 2550; x_wconf 92' lang='lat' dir='ltr'><strong>quid</strong></span> <span class='ocrx_word' id='word_1_167' title='bbox 732 2486 896 2534; x_wconf 91' lang='lat' dir='ltr'><strong>minus</strong></span> <span class='ocrx_word' id='word_1_168' title='bbox 922 2484 1168 2540; x_wconf 85' lang='lat' dir='ltr'><strong>adriserit‚</strong></span> 
     </span>
     <span class='ocr_line' id='line_1_32' title="bbox 133 2554 1209 2619; baseline -0.003 -15"><span class='ocrx_word' id='word_1_169' title='bbox 133 2555 172 2604; x_wconf 88' lang='grc' dir='ltr'><strong>Α</strong></span> <span class='ocrx_word' id='word_1_170' title='bbox 197 2569 276 2603; x_wconf 92' lang='lat' dir='ltr'><strong>me</strong></span> <span class='ocrx_word' id='word_1_171' title='bbox 303 2554 568 2603; x_wconf 91' lang='lat' dir='ltr'><strong>contendet</strong></span> <span class='ocrx_word' id='word_1_172' title='bbox 592 2555 761 2604; x_wconf 91' lang='lat' dir='ltr'><strong>fictum</strong></span> <span class='ocrx_word' id='word_1_173' title='bbox 787 2555 960 2619; x_wconf 88' lang='lat' dir='ltr'><strong>quovis</strong></span> <span class='ocrx_word' id='word_1_174' title='bbox 985 2556 1209 2618; x_wconf 89' lang='lat' dir='ltr'><strong>pignore.</strong></span> 
     </span>
     <span class='ocr_line' id='line_1_33' title="bbox 133 2623 1316 2687; baseline -0.003 -14"><span class='ocrx_word' id='word_1_175' title='bbox 133 2623 290 2681; x_wconf 91' lang='lat' dir='ltr'><strong>Quem</strong></span> <span class='ocrx_word' id='word_1_176' title='bbox 314 2624 424 2674; x_wconf 79' lang='lat' dir='ltr'><strong>volo</strong></span> <span class='ocrx_word' id='word_1_177' title='bbox 448 2624 610 2673; x_wconf 87' lang='lat' dir='ltr'><strong>refelli</strong></span> <span class='ocrx_word' id='word_1_178' title='bbox 636 2625 735 2673; x_wconf 87' lang='lat' dir='ltr'><strong>iam</strong></span> <span class='ocrx_word' id='word_1_179' title='bbox 760 2639 892 2672; x_wconf 93' lang='lat' dir='ltr'><strong>nunc</strong></span> <span class='ocrx_word' id='word_1_180' title='bbox 917 2637 1155 2687; x_wconf 90' lang='lat' dir='ltr'><strong>responso</strong></span> <span class='ocrx_word' id='word_1_181' title='bbox 1181 2637 1316 2671; x_wconf 67' lang='lat' dir='ltr'><strong>meos</strong></span> 
     </span>
     <span class='ocr_line' id='line_1_34' title="bbox 136 2693 1333 2759; baseline -0.002 -17"><span class='ocrx_word' id='word_1_182' title='bbox 136 2693 249 2743; x_wconf 85' lang='lat' dir='ltr'><strong>Sive</strong></span> <span class='ocrx_word' id='word_1_183' title='bbox 273 2693 368 2742; x_wconf 93' lang='lat' dir='ltr'><strong>hoc</strong></span> <span class='ocrx_word' id='word_1_184' title='bbox 393 2695 616 2759; x_wconf 87' lang='lat' dir='ltr'><strong>ineptum</strong></span> <span class='ocrx_word' id='word_1_185' title='bbox 643 2695 743 2743; x_wconf 83' lang='lat' dir='ltr'><strong>sive</strong></span> <span class='ocrx_word' id='word_1_186' title='bbox 770 2693 1069 2743; x_wconf 88' lang='lat' dir='ltr'><strong>laudandum</strong></span> <span class='ocrx_word' id='word_1_187' title='bbox 1094 2697 1171 2742; x_wconf 92' lang='lat' dir='ltr'><strong>est</strong></span> <span class='ocrx_word' id='word_1_188' title='bbox 1195 2707 1333 2756; x_wconf 74' lang='lat' dir='ltr'><strong>opu3‚</strong></span> 
     </span>
     <span class='ocr_line' id='line_1_35' title="bbox 133 2762 1103 2828; baseline -0.001 -17"><span class='ocrx_word' id='word_1_189' title='bbox 133 2762 326 2812; x_wconf 86' lang='lat' dir='ltr'><strong>Invenit</strong></span> <span class='ocrx_word' id='word_1_190' title='bbox 350 2763 460 2820; x_wconf 92' lang='lat' dir='ltr'><strong>ille,</strong></span> <span class='ocrx_word' id='word_1_191' title='bbox 487 2770 654 2814; x_wconf 89' lang='lat' dir='ltr'><strong>nostra</strong></span> <span class='ocrx_word' id='word_1_192' title='bbox 679 2763 889 2828; x_wconf 83' lang='lat' dir='ltr'><strong>perfecit</strong></span> <span class='ocrx_word' id='word_1_193' title='bbox 912 2777 1103 2813; x_wconf 81' lang='lat' dir='ltr'><strong>manus,</strong></span> 
     </span>
     <span class='ocr_line' id='line_1_36' title="bbox 139 2831 1382 2899; baseline -0.002 -17"><span class='ocrx_word' id='word_1_194' title='bbox 139 2831 235 2883; x_wconf 86' lang='lat' dir='ltr'><strong>Sed</strong></span> <span class='ocrx_word' id='word_1_195' title='bbox 262 2847 591 2899; x_wconf 85' lang='lat' dir='ltr'><strong>exsequamur</strong></span> <span class='ocrx_word' id='word_1_196' title='bbox 617 2838 845 2898; x_wconf 91' lang='lat' dir='ltr'><strong>coeptum</strong></span> <span class='ocrx_word' id='word_1_197' title='bbox 869 2834 1113 2899; x_wconf 89' lang='lat' dir='ltr'><strong>propositi</strong></span> <span class='ocrx_word' id='word_1_198' title='bbox 1140 2831 1382 2881; x_wconf 87' lang='lat' dir='ltr'><strong>ordinem.</strong></span> 
     </span>
    </p>
   </div>
   <div class='ocr_carea' id='block_1_5' title="bbox 1646 130 1710 182">
    <p class='ocr_par' dir='ltr' id='par_1_5' title="bbox 1646 130 1710 182">
     <span class='ocr_line' id='line_1_37' title="bbox 1646 130 1710 182; baseline 0 0"><span class='ocrx_word' id='word_1_199' title='bbox 1646 130 1710 182; x_wconf 84' lang='lat'><strong>41</strong></span> 
     </span>
    </p>
   </div>
   <div class='ocr_carea' id='block_1_6' title="bbox 1666 754 1722 796">
    <p class='ocr_par' dir='ltr' id='par_1_6' title="bbox 1666 754 1722 796">
     <span class='ocr_line' id='line_1_38' title="bbox 1666 754 1722 796; baseline 0.018 -1"><span class='ocrx_word' id='word_1_200' title='bbox 1666 754 1722 796; x_wconf 87' lang='lat'><strong>10</strong></span> 
     </span>
    </p>
   </div>
   <div class='ocr_carea' id='block_1_7' title="bbox 1668 1102 1722 1145">
    <p class='ocr_par' dir='ltr' id='par_1_7' title="bbox 1668 1102 1722 1145">
     <span class='ocr_line' id='line_1_39' title="bbox 1668 1102 1722 1145; baseline 0.019 -1"><span class='ocrx_word' id='word_1_201' title='bbox 1668 1102 1722 1145; x_wconf 85' lang='lat'><strong>15</strong></span> 
     </span>
    </p>
   </div>
   <div class='ocr_carea' id='block_1_8' title="bbox 1668 1452 1723 1495">
    <p class='ocr_par' dir='ltr' id='par_1_8' title="bbox 1668 1452 1723 1495">
     <span class='ocr_line' id='line_1_40' title="bbox 1668 1452 1723 1495; baseline 0 0"><span class='ocrx_word' id='word_1_202' title='bbox 1668 1452 1723 1495; x_wconf 79' lang='lat'><strong>20</strong></span> 
     </span>
    </p>
   </div>
   <div class='ocr_carea' id='block_1_9' title="bbox 1671 1803 1726 1844">
    <p class='ocr_par' dir='ltr' id='par_1_9' title="bbox 1671 1803 1726 1844">
     <span class='ocr_line' id='line_1_41' title="bbox 1671 1803 1726 1844; baseline 0 0"><span class='ocrx_word' id='word_1_203' title='bbox 1671 1803 1726 1844; x_wconf 83' lang='lat'><strong>25</strong></span> 
     </span>
    </p>
   </div>
  </div>
 </body>
</html>
