1940 3072
232 267 466 320 deratur.
553 282 682 317 nam
736 281 872 333 quae
922 263 1096 332 primo
1150 281 1311 317 uersu
1367 264 1548 333 posita
1594 266 1719 316 sunt
1761 263 1929 316 uerba

229 340 577 411 prolesque
631 337 870 390 Auieni
932 337 1067 390 illud
1125 339 1288 407 tecte,
1353 338 1446 391 sed
1502 337 1635 391 satis
1690 336 1926 390 indicare

229 414 493 467 uidentur.
559 414 612 464 et
648 412 770 480 ipsa
805 411 903 464 illa
943 412 1201 464 suboles
1241 412 1593 482 prolesque
1633 410 1701 464 ad
1731 430 1782 464 u,
1815 411 1925 464 370

229 487 556 540 Arateorum
606 488 849 555 spectare
898 487 1081 555 atque,
1132 504 1253 538 cum
1307 485 1712 556 epigrammatis
1766 502 1926 538 uersu

229 562 461 630 septimo
509 560 664 613 ollis
709 560 970 629 scriptum
1009 562 1174 628 esset,
1221 578 1285 612 ea
1324 560 1548 630 antiqua
1586 559 1926 628 pronominis

228 636 405 705 figura
443 634 718 687 Auienum
758 651 1141 703 saepenumero
1180 652 1338 686 usum
1379 652 1494 687 esse
1533 635 1676 687 recte
1715 633 1928 687 monuit

228 707 631 760 Wernsdorfius
671 708 910 761 eiusdem
949 707 1076 760 libri
1114 708 1390 760 uolumine
1429 707 1481 760 V
1522 708 1555 760 2
1594 727 1644 776 p.
1677 707 1784 759 621
1811 725 1926 776 sqq.

231 782 374 835 idem
413 782 600 850 primis
640 782 902 849 uersibUS‚
943 799 1077 851 quos
1110 784 1295 835 sancto
1326 781 1471 850 patri
1502 782 1646 835 filius
1677 780 1926 835 Placidus

232 856 531 925 inscripsit,
579 854 905 909 Arateorum
947 855 1274 925 principium
1315 855 1590 925 designari
1628 873 1754 908 uere
1793 853 1926 907 iudi-

228 931 380 983 cauit
436 928 512 999 (V
566 930 601 983 2
654 949 705 999 p.
757 929 904 1000 623).
994 947 1168 999 neque
1230 930 1398 999 igitur
1458 930 1495 984 J
1498 929 1665 983 acobo
1723 927 1926 998 Sponio

228 1001 322 1074 (cf.
367 1003 700 1057 Wernsdorf.
747 1003 798 1057 V
837 1004 945 1072 2Ρ
1001 1003 1108 1056 623
1157 1006 1211 1056 et
1256 1002 1490 1056 Boeckh.
1539 1001 1607 1055 ad
1653 1001 1709 1056 O.
1755 1002 1796 1055 Ι.
1837 1001 1929 1055 Grr.

230 1095 285 1131 n.
332 1078 440 1130 372
493 1095 545 1146 p.
591 1074 726 1149 436)
783 1022 1008 1147 aliisque
1061 1078 1194 1130 uiris
1249 1077 1420 1133 doctis
1469 1075 1560 1147 (cf.
1607 1075 1927 1130 Mommsen.

231 1151 299 1204 ad
339 1150 695 1235 epigramma,
743 1152 886 1221 quod
926 1169 1091 1220 supra
1129 1148 1328 1223 attuli),
1366 1150 1571 1204 Aratea
1610 1151 1678 1204 ad
1716 1153 1927 1220 patrem

228 1225 343 1278 eius
398 1225 490 1294 qui
538 1226 871 1295 epigramma
916 1224 1045 1278 fecit
1089 1225 1373 1278 referenda
1421 1243 1538 1279 esse
1584 1224 1926 1278 censentibus

229 1298 491 1352 adsentiri
539 1317 779 1367 possum.
856 1299 1047 1369 quodsi
1094 1299 1150 1352 in
1197 1300 1357 1352 titulo
1405 1298 1611 1352 Graeco
1660 1296 1748 1368 (cf.
1789 1295 1847 1351 C.
1884 1296 1926 1352 I.

229 1371 319 1426 Gr.
366 1391 418 1425 n.
465 1373 573 1425 372
615 1399 685 1416 =
727 1372 784 1426 O.
829 1372 871 1426 Ι.
919 1373 984 1426 Α.
1029 1372 1058 1426 Ι
1102 1392 1151 1426 11.
1193 1371 1350 1444 635),
1405 1392 1510 1443 quo
1564 1371 1925 1426 Athenienses

227 1441 562 1499 ἀνθύπατον
622 1448 719 1515 τῆς
768 1442 1038 1509 Ἑλλάδος
1082 1443 1349 1516 Ῥούφιον
1410 1448 1634 1516 Φῆστον
1695 1446 1926 1500 honora-

226 1523 446 1588 uerunt,
485 1537 784 1590 cognomen
823 1539 933 1573 non
972 1521 1213 1573 additum
1253 1524 1355 1590 est,
1404 1521 1548 1574 haud
1589 1520 1699 1574 scio
1741 1538 1812 1572 an
1850 1519 1926 1572 ibi

227 1592 555 1647 Arateorum
595 1595 828 1664 scriptor
865 1613 977 1647 non
1015 1595 1294 1648 indicetur.
1358 1614 1494 1664 quae
1534 1612 1655 1647 cum
1688 1594 1766 1646 ita
1799 1594 1924 1663 sint,

229 1667 394 1720 etiam
448 1667 682 1720 dubitari
737 1669 918 1738 debet,
979 1671 1159 1721 utrum
1213 1669 1297 1721 illi
1349 1668 1538 1721 Rufius
1596 1685 1924 1736 praenomen

226 1741 393 1794 fuerit
439 1759 510 1794 an
547 1741 738 1796 Rufus.
814 1761 943 1795 nam
991 1742 1083 1811 qui
1123 1742 1172 1795 ei
1209 1742 1429 1795 Rufium
1468 1760 1795 1811 praenomen
1833 1741 1925 1794 tri-

227 1815 484 1883 buerunt,
537 1815 634 1868 illo
693 1816 851 1870 titulo
898 1816 1147 1869 nituntur
1193 1814 1281 1885 (cf.
1328 1815 1661 1870 Wernsdorf.
1701 1814 1753 1868 V
1801 1816 1835 1868 2
1873 1834 1926 1884 Ρ.

229 1889 337 1942 623
372 1907 450 1958 sq.
519 1888 847 1959 Mommsen,
893 1890 1077 1943 Herm.
1116 1889 1248 1943 XVI
1285 1910 1336 1959 p.
1378 1890 1486 1943 605
1525 1891 1642 1942 adn.
1688 1890 1716 1942 1
1758 1891 1811 1941 et
1850 1889 1924 1959 2).

230 1965 478 2016 contorta
514 1981 601 2016 res
643 1966 724 2016 est
763 1967 817 2016 et
856 1963 1104 2032 difficilis,
1145 1964 1211 2016 ad
1244 1983 1406 2034 quam
1439 1962 1825 2032 expediendam
1856 1981 1923 2015 ne

229 2036 437 2089 codices
486 2037 701 2106 quidem
744 2039 974 2090 multum
1014 2039 1208 2090 ualent.
1285 2056 1411 2090 nam
1460 2056 1580 2090 cum
1618 2037 1755 2090 liber
1794 2035 1924 2088 Am-

227 2110 515 2163 brosianus
562 2111 762 2164 habeat
804 2111 1010 2180 Ruffi,
1056 2110 1277 2164 RVFFI
1322 2111 1554 2164 forsitan
1600 2111 1804 2164 factum
1853 2110 1925 2163 sit

230 2201 295 2236 ex
325 2182 541 2237 RVFII.
618 2184 821 2238 RVFII
861 2188 1041 2238 autem
1079 2184 1378 2255 profectum
1418 2185 1632 2238 uidetur
1671 2203 1703 2237 a
1733 2182 1924 2253 RVFI,

231 2257 374 2326 quod
413 2257 470 2309 in
510 2258 807 2327 archetypo
840 2259 1007 2311 fuisse
1038 2261 1252 2328 praeter
1283 2258 1590 2312 Gudianum
1622 2258 1759 2311 liber
1787 2256 1922 2310 Vin-

234 2331 559 2384 dobonensis
601 2335 655 2383 et
693 2329 856 2385 editio
898 2333 1275 2402 antiquissima
1313 2335 1596 2385 testantur.

380 2403 507 2457 Fuit
546 2408 726 2458 autem
759 2407 1000 2459 Auienus
1042 2409 1215 2459 aetate
1246 2406 1579 2475 Hieronymi,
1619 2406 1711 2475 qui
1750 2403 1839 2476 (Ὅ.
1876 2422 1922 2457 a.

230 2476 359 2531 387²
393 2478 457 2530 cf.
481 2477 798 2532 Mommsen.
840 2480 906 2532 ad
940 2478 996 2533 C.
1027 2479 1068 2532 I.
1098 2479 1157 2532 L.
1189 2479 1269 2533 VI
1299 2479 1358 2532 P.
1390 2479 1417 2533 I
1447 2498 1499 2532 n.
1524 2477 1656 2550 537)
1690 2479 1920 2531 Aratum

230 2551 300 2604 ab
339 2552 436 2604 illo
476 2570 680 2621 nuper
717 2554 775 2605 in
806 2553 1061 2607 Latinum
1101 2571 1402 2607 sermonem
1441 2553 1767 2606 translatum
1804 2569 1919 2604 esse

229 2624 288 2676 in
320 2626 474 2693 epist.
506 2626 573 2678 ad
599 2626 704 2679 Tit.
736 2627 858 2679 libr
890 2646 933 2680 c
962 2628 989 2680 1
1025 2627 1225 2680 scribit.
1273 2628 1359 2680 cui
1390 2627 1626 2696 poemati
1650 2626 1918 2679 Auienum

230 2698 460 2750 indicem
502 2700 694 2753 fecisse
734 2700 945 2770 Arati,
991 2700 1183 2753 harum
1231 2719 1409 2754 rerum
1460 2699 1918 2754 existimatoribus

228 2772 488 2839 probasse
513 2773 648 2826 mihi
673 2774 895 2827 uideor
880 2793 938 2826 1n
961 2778 1362 2844 programmate
1379 2774 1684 2827 Erfurtensi
1708 2792 1754 2826 a.
1775 2772 1917 2826 1882

227 2843 494 2914 ΡΗΠΙεᾳ
