1940 3072
776 151 819 207 x
848 167 1073 209 491-549
1133 142 1170 160 ⁸
1403 219 1405 222 .
1511 132 1513 134 ,
1660 165 1726 220 77

230 289 423 345 Uritur
446 291 562 360 ipse
584 289 775 344 Creon.
824 307 988 360 rogus
1014 293 1095 344 est
1117 307 1240 343 mox
1264 290 1389 361 aula
1409 291 1643 360 tyranni.

228 360 539 431 Diffugiunt
565 378 751 414 omnes
774 360 964 430 populi
988 361 1219 415 conuiua
1242 360 1500 429 ministri,

228 429 537 486 Saltantum
561 431 748 502 fugere
773 430 939 484 chori.
988 450 1118 483 nam
1141 430 1279 484 festa
1303 434 1555 484 canentes

0 542 26 570 f„
47 547 57 554 1
233 501 486 555 Ambusti
509 502 744 554 lamenta
769 504 965 554 sonant
987 519 1087 554 nec
1114 503 1138 554 t
1228 519 1370 570 pana
1392 501 1583 570 plausu
1626 548 1633 561 ‚

0 574 17 637 fl
62 616 69 619 .
125 582 213 623 525
229 571 569 640 Percutiunt,
595 572 686 624 sed
710 572 869 624 turba
893 589 1112 642 gemens
1136 519 1264 624 {lilim
1289 571 1412 625 inde
1436 571 1665 625 lacertos

228 640 492 695 Uerberat
517 644 571 695 et
594 642 781 695 flentes
807 641 899 694 sed
922 661 1035 696 non
1060 660 1157 694 sua
1179 641 1371 694 funera
1393 642 1676 711 plangunt.

229 711 418 766 Stabat
444 712 560 765 sola
582 730 783 765 nocens
807 712 1035 766 necdum
1060 712 1251 765 satiata
1276 712 1518 765 sacerdos

228 781 344 836 Nec
370 800 555 835 secura
578 785 785 835 tamen:
822 801 1116 851 numquam
1141 782 1216 834 sic
1240 800 1396 850 posse
1422 800 1631 835 uenena

230 851 470 906 Credidit
493 856 586 905 aut
609 853 854 921 precibus
878 856 1090 905 tantum
1117 852 1316 905 seruire
1340 852 1563 904 furores.

127 933 212 974 530
231 921 335 976 8οᾱ
358 926 645 992 postquam
669 923 812 976 solos
840 941 971 991 quos
996 923 1224 975 iusserat
1246 923 1388 992 ignis
1413 922 1638 992 adussit,

229 993 382 1046 Tunc
405 997 563 1046 natos
588 992 881 1046 furibunda
912 993 1125 1062 premit.
1175 1011 1302 1045 nam
1326 992 1621 1046 Mermerus
1646 993 1724 1046 in-

1114 1108 1119 1112 .
1303 1081 1428 1116 sons

227 1132 302 1186 Et
325 1132 547 1186 Feretus
572 1137 797 1186 matrem
820 1133 1019 1186 blanda
1042 1133 1241 1202 pietate
1269 1134 1550 1186 uocabant.

228 1202 307 1256 Ut
329 1203 570 1257 flammas
596 1204 767 1257 uitare
794 1207 1017 1273 queant,
1044 1203 1276 1256 infantia
1302 1203 1527 1272 simplex

103 1337 106 1341 Δ
229 1273 442 1326 Affectu
467 1275 605 1342 petit
627 1274 743 1343 ipsa
766 1292 952 1326 necem
979 1274 1065 1326 uel
1090 1276 1280 1342 sponte
1305 1274 1505 1342 pericla

122 1353 207 1394 535
230 1343 451 1406 Quaerit
475 1344 632 1412 inops
640 1386 655 1411 ,
682 1363 901 1412 passura
926 1361 1110 1396 necem
1135 1361 1391 1398 mucrone
1417 1344 1655 1412 parentis
1662 1386 1678 1413 ,

160 1470 162 1472 ,
226 1414 412 1483 Ignari
438 1432 574 1482 quae
598 1418 769 1467 mater
793 1417 907 1466 erat
932 1413 1060 1483 quid
1085 1432 1244 1466 saeua
1267 1417 1498 1482 pararet.

227 1484 378 1536 Tunc
390 1485 633 1554 genetrix
644 1484 936 1537 furibunda
945 1503 1165 1536 manum
1175 1484 1453 1553 suspendit
1472 1487 1525 1537 et
1544 1483 1726 1538 ensem

227 1555 308 1606 Ac
332 1554 500 1606 fatur:
541 1553 662 1607 ‘Sol
686 1555 838 1608 testis
864 1573 1022 1624 auus,
1049 1553 1142 1607 801
1167 1554 1376 1607 Persice
1405 1554 1632 1623 Mithra,

227 1624 382 1676 Luna
409 1624 566 1677 decus
591 1626 792 1693 noctis,
819 1624 1036 1694 Furiae,
1064 1625 1413 1694 Proserpina,
1440 1624 1665 1678 Pluton:

83 1706 85 1709 ⁴
124 1704 208 1744 540
228 1695 429 1762 Accipe
455 1694 548 1748 Sol
573 1695 786 1748 radians
812 1696 1041 1763 animas,
1067 1699 1128 1747 tu
1154 1713 1379 1764 corpora
1404 1695 1558 1747 Luna

229 1764 282 1817 N
285 1766 575 1817 utrimenta
599 1766 834 1834 animae,
860 1765 1040 1818 fundit
1064 1783 1223 1834 quem
1247 1784 1431 1818 mucro
1460 1783 1702 1819 cruorem

229 1834 433 1887 Sumite
459 1853 556 1888 uos
580 1834 799 1903 Furiae,
826 1836 1000 1888 noctis
1028 1854 1122 1887 rex
1151 1836 1332 1904 exigat
1355 1836 1584 1888 umbras.

229 1903 460 1973 Spiritus
485 1905 544 1957 in
570 1908 762 1958 uentos
871 1906 999 1958 satis
1026 1909 1107 1958 est
1129 1907 1347 1973 punisse
1372 1909 1628 1958 nocentes

171 2035 179 2038 ,
228 1974 585 2044 Insontesque
612 1975 785 2028 simul.
838 1976 1059 2028 miseros
1084 1975 1187 2028 hoc
1212 1993 1338 2028 ense
1363 1977 1565 2029 necabo

127 2054 209 2095 545
233 2044 350 2106 Quo
376 2047 591 2115 genitor
615 2046 886 2098 feriendus
911 2049 1047 2113 erat,
1074 2045 1211 2097 nihil
1237 2046 1354 2114 ipsa
1379 2045 1569 2099 dolebo

232 2113 290 2168 Si
314 2115 527 2185 ingrata
552 2119 767 2168 maneat
789 2116 970 2168 nullus
996 2116 1059 2168 de
1085 2119 1244 2185 gente
1270 2119 1552 2184 superstes,
1567 2121 1582 2143 ’

229 2185 377 2237 Haec
402 2187 477 2238 ait
502 2189 556 2238 et
580 2186 822 2255 geminos
847 2205 956 2239 uno
983 2186 1141 2238 simul
1167 2204 1292 2238 ense
1317 2204 1550 2239 nouerca

232 2255 517 2325 Transegit
540 2275 748 2325 pueros,
796 2275 930 2325 quos
956 2258 1030 2309 sic
1056 2257 1305 2324 portabat
1328 2256 1395 2309 ad
1422 2275 1597 2309 arcem
1627 2287 1691 2294 —-

229 2324 307 2378 Ut
331 2344 576 2394 proceres
601 2326 781 2379 uidere
807 2326 981 2395 nefas,
1014 2327 1238 2379 timuere
1265 2330 1540 2379 cruentam

238 2485 320 2522 530
353 2481 502 2523 adusit
615 2485 695 2523 531
728 2481 993 2536 Mermerus]
1024 2497 1158 2535 supra
1188 2486 1361 2523 alteram
1383 2497 1402 2523 r
1423 2485 1588 2523 literam
1618 2496 1728 2524 crux

122 2539 239 2591 picta
269 2544 332 2578 est
445 2540 526 2579 532
563 2539 757 2580 ferentes
796 2546 893 2579 ante
932 2553 1094 2579 uersum
1133 2553 1242 2580 crux
1272 2540 1531 2591 conspicitur
1646 2540 1728 2580 533

125 2598 264 2646 queat
293 2607 405 2635 corr.
440 2593 600 2634 Rueck.
715 2597 798 2636 534
826 2600 923 2646 post
954 2608 1113 2635 necem
1142 2597 1295 2647 legitur
1325 2607 1538 2635 mucrone
1570 2606 1728 2647 paren·

125 2651 185 2690 tis
215 2651 295 2690 sed
323 2656 576 2702 empuneeum
662 2653 744 2691 535
774 2657 871 2702 post
901 2664 1057 2691 necem
1087 2653 1239 2703 leyitur
1263 2650 1337 2691 uel
1365 2655 1524 2703 sponte
1554 2649 1730 2701 pericla

124 2721 203 2760 sed
235 2726 486 2771 expunctum
612 2722 693 2762 538
732 2722 794 2760 Af
829 2722 895 2760 Ac
936 2721 1058 2760 fatur
1093 2720 1099 2772 Ι
1134 2733 1293 2773 pel-sce
1329 2714 1506 2770 miffltra
1574 2723 1728 2773 perste

125 2789 337 2829 ministra
364 2803 405 2843 γ.
465 2793 734 2842 corruptelae
764 2797 864 2831 ποία
893 2792 1036 2830 uersui
1061 2792 1261 2841 praelixa
1293 2796 1356 2830 est
1468 2792 1550 2831 543
1581 2802 1730 2830 uersus

125 2846 338 2885 excidisse
369 2847 534 2885 uidetur
561 2853 662 2897 pose
691 2848 902 2887 inuentos
926 2860 1169 2898 quamquam
1198 2848 1240 2885 in
1261 2848 1406 2887 codiee
1437 2850 1587 2887 laeana
1617 2848 1729 2886 nulla

126 2905 190 2940 est
215 2900 221 2952 Ι
248 2903 364 2941 satis
396 2901 481 2952 est}
509 2903 614 2953 fort.
647 2904 786 2943 satiet
900 2903 981 2943 546
1011 2907 1185 2942 meurat

938 4 957 25 ⁴·
1054 7 1096 27 >s
1149 22 1157 27 .
1177 8 1202 27 ·-.
1219 0 1565 34 .Wr3=vm·3
1578 0 1658 25 »ιη’
1670 0 1742 26 ’,τε
1752 0 1811 27 2⁶?
1820 0 1914 29 {2³:⁷2

1074 34 1083 43 s
1125 29 1166 46 .,-2
1193 37 1207 47 δ
1235 23 1409 47 1,””ῃ1.,“
1439 26 1455 43 ⁴:2-
1494 24 1526 37 *1⁷
1570 29 1590 43 μ
1641 19 1689 43 ,ξι
1783 35 1866 42 ⁴⁸⁷⁴

1749 1847 1803 1888 [Ρ.
1826 1845 1885 1886 95]

1914 0 1940 13 ‚a
