1986 3060
485 128 566 173 DE
590 127 860 172 PHAEDRI
882 126 1030 173 VITA
1051 126 1131 172 ΕΤ
1152 125 1431 174 SCRIPTIS.
1673 138 1757 178 vn

154 255 346 320 Aesopo
378 253 455 303 vel
488 253 685 304 aliunde
720 253 972 303 transtulit
1004 258 1176 303 auctor
1207 253 1389 319 partim
1412 252 1609 302 novavit
1630 252 1756 316 ipse,

155 325 417 391 aliquando
441 324 685 374 iudicium
710 324 989 381 desidereS,
1017 339 1111 373 nec
1137 338 1253 373 vero
1277 324 1634 388 proprietatem
1657 322 1758 385 logi

87 435 90 438 ⁴
152 396 356 461 Aesopii
390 396 509 445 satis
541 400 678 445 recte
714 400 799 444 aut
831 396 1146 459 perspexisse
1183 399 1268 444 aut
1290 397 1604 459 perspectam
1629 394 1755 456 opti-

152 467 323 516 nuisse
347 465 543 515 videtur
577 465 725 516 idem.
798 464 887 514 Est
918 472 1085 514 tamen
1109 463 1198 514 ubi
1233 465 1454 514 carmina
1491 464 1600 513 eius
1624 462 1758 511 omni

153 536 397 600 elegantia
430 535 656 585 floreant.
732 535 924 585 Genere
968 534 1167 584 dicendi
1208 536 1366 585 utitur
1400 540 1456 587 ut
1488 533 1757 599 plurimum

151 606 286 657 facili
331 611 381 656 et
425 606 646 664 urbano,
703 605 965 671 aliquando
1011 619 1128 655 sane
1180 620 1358 671 parum
1408 603 1612 654 subacto
1662 616 1757 651 nec

153 678 274 727 satis
305 676 435 726 laeto
469 683 554 726 aut
585 676 764 726 vivido.
836 675 891 725 ld
915 677 1089 724 vitium
1113 677 1325 725 maxime
1360 674 1613 724 declarant
1644 671 1755 722 abs-

150 752 308 796 tracta
349 748 512 813 posita
554 761 646 812 pro
688 747 936 796 concretis
987 745 1152 811 qualia
1205 745 1359 795 habes
1410 743 1636 794 versibus
1677 742 1757 791 his

152 819 284 866 ‘tum
309 816 509 867 demum
531 818 774 881 ingemuit
807 817 943 866 corvi
969 816 1207 882 deceptus
1229 816 1429 880 stupor’
1476 815 1578 864 ‘sic
1602 818 1757 863 totam

149 887 387 955 praedam
412 887 514 937 sola
538 887 816 953 inprobitas
841 886 1072 936 abstulit'
1108 887 1237 937 aliis,
1297 885 1434 935 Idem
1468 884 1601 951 quod
1624 882 1758 932 haud

149 959 222 1008 ita
244 972 361 1007 raro
386 972 564 1022 graeca
587 957 825 1008 vocabula
850 957 1101 1014 adhibuit,
1130 956 1411 1006 fabularum
1436 970 1527 1021 per
1551 955 1757 1004 humum

148 1030 435 1094 repentium
462 1026 534 1091 (ut
557 1029 750 1079 Horatii
772 1026 941 1077 verbis
964 1026 1093 1092 utar)
1121 1028 1427 1093 proprietate
1464 1032 1513 1075 et
1536 1039 1756 1075 commu-

149 1100 230 1148 nis
263 1100 394 1149 vitae
427 1114 522 1149 usu
557 1100 678 1149 satis
714 1104 993 1148 excusatur.
1066 1097 1217 1147 Valde
1253 1097 1451 1147 excellit
1484 1097 1633 1145 metri
1668 1109 1755 1160 pe-

150 1170 294 1227 ritia,
339 1168 396 1219 lit
429 1174 596 1219 tamen
627 1184 802 1219 versus
835 1171 944 1219 eius
978 1183 1097 1217 cura
1130 1169 1444 1233 potissimum
1482 1173 1532 1216 et
1566 1164 1755 1221 labore,

149 1254 251 1288 non
286 1239 495 1303 perinde
529 1241 692 1289 nativo
728 1239 939 1304 quodem
975 1238 1143 1302 lepore
1180 1235 1346 1302 (quem
1380 1239 1564 1286 sentias
1598 1236 1756 1298 magis

149 1323 300 1374 quam
335 1308 604 1375 describas)
641 1315 894 1375 praestare
930 1309 1226 1358 existimem.
1296 1307 1394 1356 Sed
1430 1307 1490 1356 de
1526 1306 1606 1355 his
1640 1320 1755 1370 pro-

148 1381 284 1428 ximo
312 1381 473 1444 capite
499 1379 816 1429 disseremus,

255 1449 318 1499 II.
382 1448 506 1499 Nam
550 1464 662 1500 cum
689 1448 1007 1505 Teubnerus,
1056 1447 1327 1514 bibliopola
1362 1447 1754 1504 honestissimus,

151 1532 230 1569 me
255 1526 480 1583 rogasset
511 1525 568 1570 ut
590 1516 807 1570 Phaedri
832 1517 1045 1569 Fabulas
1077 1534 1104 1568 a
1127 1517 1384 1569 Dresslero
1411 1518 1570 1567 editas
1595 1517 1757 1566 denuo

150 1604 585 1653 recognoscerem,
621 1590 854 1656 equidem
878 1590 1092 1639 maxime
1118 1590 1171 1638 in
1197 1604 1255 1638 eo
1291 1589 1599 1652 diligentiam
1623 1588 1756 1652 posi-

151 1666 251 1710 tam
285 1659 418 1710 volui
450 1667 506 1709 ut
539 1662 744 1710 metrica
782 1675 864 1710 ars
896 1665 1072 1726 poetae
1098 1659 1258 1724 qualis
1286 1665 1417 1709 esset
1440 1658 1641 1708 tandem
1667 1658 1756 1708 ali-

153 1730 350 1795 quando
379 1730 526 1795 plene
571 1736 851 1796 appareret.
920 1730 1091 1795 Itaque
1133 1731 1353 1794 primum
1387 1731 1609 1778 omnium
1641 1743 1757 1793 pro-

152 1800 341 1864 mythia
376 1801 650 1849 carminum
686 1815 712 1849 a
744 1800 944 1849 Perotto
980 1805 1287 1850 servatorum
1320 1801 1374 1848 in
1403 1805 1617 1848 metrum
1641 1813 1756 1847 con-

152 1876 283 1919 torta
334 1885 361 1919 a
409 1870 659 1920 nonnullis
706 1870 927 1935 pedestri
979 1870 1189 1918 orationi
1236 1871 1463 1926 restitui,
1517 1884 1610 1917 nec
1658 1882 1758 1917 non

153 1939 346 1990 fabulas
391 1940 452 1989 de
488 1940 696 1990 Romulo
742 1940 819 1989 vel
864 1939 1061 1989 aliunde
1099 1939 1310 1989 adscitas
1357 1945 1407 1988 et
1445 1938 1592 1988 Gudii
1629 1938 1756 1988 Bur-

154 2011 324 2059 manni
357 2009 604 2061 Dressleri
648 2025 799 2076 opera
842 2009 1071 2059 versibus
1114 2014 1338 2059 exaratas
1373 2009 1676 2058 foedissimis
1709 2013 1759 2057 et

158 2079 219 2129 ab
265 2085 371 2130 arte
413 2079 628 2131 Phaedri
676 2081 997 2130 alienissimis
1039 2080 1166 2128 eieci
1211 2094 1406 2137 omnes,
1458 2094 1571 2128 cum
1612 2092 1757 2143 prae-

158 2152 332 2199 sertim
376 2165 439 2199 ne
483 2152 576 2200 hoc
610 2151 812 2216 quidem
858 2155 989 2200 esset
1032 2156 1285 2214 apertum,
1335 2165 1395 2199 ex
1428 2149 1579 2199 huius
1613 2148 1758 2198 libris

156 2221 368 2284 integris
404 2235 464 2271 an
500 2220 696 2270 aliunde
731 2221 907 2270 ductae
947 2226 1113 2269 essent
1136 2220 1418 2285 pleraeque.
1479 2219 1590 2284 Ipse
1624 2220 1757 2268 enim

156 2304 220 2339 ne
253 2295 548 2355 temptarem
584 2293 637 2340 in
674 2291 852 2341 melius
892 2291 1002 2340 illas
1041 2291 1287 2354 refingere
1324 2288 1612 2354 prohibitus
1647 2303 1757 2338 sum

156 2361 374 2425 primum
417 2376 476 2410 eo
521 2361 652 2426 quod
694 2361 771 2410 vel
806 2363 914 2410 sine
961 2360 1062 2410 illis
1109 2362 1227 2410 satis
1269 2375 1515 2425 superque
1558 2373 1756 2424 poema-

157 2436 265 2479 tum
299 2436 563 2496 suppetere
589 2430 844 2481 constabat
866 2432 979 2480 usui
1005 2430 1309 2487 scholarum,
1345 2429 1523 2479 deinde
1550 2429 1680 2493 quod
1704 2429 1757 2477 in

157 2505 293 2549 tanta
327 2500 522 2551 Romuli
567 2507 617 2550 et
660 2502 890 2567 anonymi
922 2500 1195 2550 Nilantiani
1233 2499 1465 2549 barbarie
1508 2506 1591 2548 aut
1632 2513 1756 2547 nova

156 2585 268 2619 meo
300 2571 522 2635 periculo
557 2571 878 2636 conponenda
903 2585 1011 2621 esse
1037 2569 1267 2619 videbam
1311 2571 1527 2618 carmina
1572 2574 1656 2618 aut
1696 2567 1756 2616 il-

156 2639 255 2689 lam
279 2647 553 2691 metrorum
587 2640 957 2706 dictionumque
989 2642 1312 2690 vitiositatem
1337 2638 1649 2688 retinendam
1674 2640 1756 2689 cui

155 2711 353 2774 priores
376 2711 704 2762 indulserant.
753 2711 924 2778 Itaque
950 2725 1152 2776 operam
1176 2724 1350 2759 vanam
1374 2724 1467 2758 nec
1493 2714 1577 2758 aut
1599 2709 1755 2758 Phae-

158 2780 248 2828 dro
274 2785 358 2829 aut
381 2782 541 2846 ipsius
565 2781 799 2831 studiosis
822 2781 1132 2846 profuturam
1159 2781 1257 2828 cito
1280 2779 1525 2828 damnavit
1543 2781 1754 2828 animuS.

158 2849 390 2901 Ceterum
408 2866 468 2901 eo
485 2852 674 2901 maiore
696 2866 815 2901 cura
835 2851 953 2911 cavi,
979 2856 1035 2900 ut
1058 2852 1110 2899 in
1136 2850 1347 2899 sinceris
1371 2848 1550 2899 fabulis
1569 2848 1663 2898 hoc
1681 2853 1752 2898 est
