1940 3072
53 2158 136 2189 N

287 118 356 171 56
861 113 1324 185 DELIBERATIUA

138 257 194 299 tp.
217 253 369 299 711135
393 242 643 296 Nominis
668 240 927 294 inuidiam
951 241 1118 293 uestri
1141 257 1238 309 per
1261 239 1485 292 flumina
1508 246 1694 292 manes

392 312 703 380 Exagitant‚
729 329 826 363 sua
847 311 967 363 iura
989 326 1154 380 neges
1179 309 1323 378 quod
1346 313 1518 362 morte
1543 309 1848 378 peremptiS,
1880 350 1884 353 »

392 381 803 449 Patroclumque
827 383 1016 433 tenent
1040 398 1199 450 quem
1233 396 1332 432 nec
1370 378 1723 432 conscendere
1747 396 1891 452 cym-
1919 442 1928 450 x

1465 450 1590 502 bam
1755 468 1759 469 ⁷
1935 457 1938 458 ’

392 520 721 573 Permittunt
739 520 845 571 nisi
863 520 1067 588 primus
1087 538 1252 588 aquas
1270 517 1886 572 transcenderitHector.
1936 579 1940 582 ,

390 589 464 642 Et
487 590 696 641 nullum
720 608 842 658 pars
865 593 1051 642 nostra
1075 590 1204 642 sinit
1226 589 1454 642 transire
1478 607 1575 657 per
1600 587 1768 640 undas
1840 590 1843 593 ’

288 669 369 710 140
394 661 475 711 Ac
501 663 696 712 sortem
722 659 950 712 retinere
976 678 1124 712 suam
1150 660 1255 712 nisi
1279 660 1380 711 rite
1407 658 1710 726 sepultum.’

131 782 279 826 ΕἸΡῙῙΟ·
394 783 592 836 Desine
617 785 938 853 bellipotens
964 786 1170 837 animos
1195 786 1424 837 retinere
1447 784 1668 850 feroceS,

158 834 247 868 με’
393 853 518 905 Dux
543 854 649 906 iras
675 854 896 923 depone,
921 873 1126 923 precor.
1165 873 1277 907 non
1302 855 1497 906 sentiet
1520 853 1737 920 Hector,

394 922 663 992 Quidquid
687 925 745 976 in
770 924 923 977 hoste
947 925 1099 993 furis,
1124 925 1357 977 lacerum
1385 924 1620 976 tenuisse
1646 924 1887 975 cadauer.

395 992 728 1061 Supplicium
753 1012 864 1046 non
882 994 1084 1047 Hector
1107 995 1270 1046 habet
1294 994 1386 1046 sed
1409 1011 1584 1062 poena
1602 993 1889 1062 Pelasgum

290 1072 371 1112 145
398 1061 652 1115 Seruatur
675 1081 772 1131 per
796 1067 968 1117 castra
990 1065 1121 1132 tuis,
1149 1063 1275 1116 dum
1299 1063 1489 1116 funera
1513 1063 1687 1131 punis,

393 1134 600 1185 Aeacus
627 1133 901 1201 inuidiam,
929 1152 1081 1186 carus
1104 1135 1374 1186 tormenta
1398 1133 1677 1186 Patroclus

392 1201 633 1255 Sustinet
659 1206 712 1254 et
735 1206 899 1255 uestri
926 1222 1128 1272 poenas
1153 1204 1255 1256 luit
1278 1203 1369 1255 ille
1395 1203 1611 1255 doloris

391 1271 496 1324 Uel
521 1272 754 1325 medium
780 1273 1023 1341 Priamo,
1052 1291 1334 1343 generose,
1360 1272 1584 1325 refunde
1611 1271 1853 1339 cadauer,

390 1341 532 1394 Nam
556 1345 764 1410 partem
789 1346 1026 1395 tractura
1048 1347 1210 1397 tenet.
1250 1345 1296 1395 si
1320 1343 1537 1395 reddere
1564 1360 1756 1410 corpus

286 1421 371 1462 150
395 1411 469 1463 Et
491 1411 694 1464 laceros
720 1416 866 1464 artus
891 1416 1097 1481 tempta
1120 1414 1318 1481 pietate
1343 1413 1582 1482 negabiS,

389 1481 549 1533 Exiet
573 1481 949 1534 Andromache
975 1500 1158 1535 socero
1188 1483 1478 1534 comitante
1504 1499 1600 1550 per
1626 1497 1783 1549 agros

390 1551 722 1619 Astyanacta
745 1552 962 1604 trahens
989 1570 1094 1620 qua
1117 1552 1296 1604 tritior
1321 1552 1496 1604 orbita
1519 1552 1783 1603 monstrat

390 1620 463 1672 Et
486 1621 631 1690 leget
654 1621 842 1673 infelix
868 1622 1093 1691 dispersi
1117 1622 1355 1674 membra
1378 1621 1558 1673 mariti

390 1689 660 1758 Uepribus
686 1709 714 1743 e
739 1691 944 1759 mediis,
969 1710 1157 1760 rupem
1183 1692 1460 1760 complexa
1485 1692 1760 1743 cruentam

286 1770 366 1809 155
395 1759 589 1812 Oscula
612 1761 718 1812 fixa
744 1761 891 1814 dabit
916 1762 1097 1814 dicens
1125 1762 1187 1813 de
1212 1780 1345 1830 rupe
1370 1761 1622 1813 maritum

389 1861 458 1867 —
482 1829 547 1882 In
573 1848 679 1898 qua
713 1832 931 1900 sanguis
957 1833 1059 1884 erit
1092 1849 1280 1900 rupem
1314 1834 1473 1884 uocat
1495 1831 1731 1882 Hectora
1764 1845 1890 1880 con-

1465 1919 1558 1952 lux
1582 1930 1652 1937 —·

388 1969 461 2021 Et
485 1987 710 2037 puerum
735 1971 1036 2023 miseranda
1061 1972 1215 2023 docet
1238 1988 1306 2022 ne
1334 1971 1502 2023 calcet
1526 1987 1713 2022 arenas

137 2051 193 2092 [n.
215 2052 271 2091 72]
391 2038 586 2091 Infecit
611 2058 741 2108 quas
765 2040 905 2092 forte
932 2058 1110 2108 cruor,
1138 2041 1454 2108 tardumque
1478 2057 1574 2107 per
1597 2039 1757 2090 horas

386 2108 678 2176 Exspectat
738 2128 995 2163 socerum.
1078 2110 1169 2162 sed
1227 2127 1339 2162 non
1393 2112 1573 2162 uacat:
1639 2107 1890 2176 exprimit

138 2190 205 2216 Χ-
240 2228 259 2235 rx
1471 2179 1665 2230 herbas

295 2248 298 2249 γ
322 2246 802 2428 &Qec
827 2249 989 2301 uidet.
1037 2249 1141 2301 hoc
1165 2250 1280 2301 nati
1305 2249 1542 2301 uultibus
1567 2248 1714 2300 addit

644 2336 697 2369 m
722 2319 860 2370 ferat
886 2337 976 2371 ore
1000 2337 1146 2387 puer.
1188 2319 1441 2371 suadente
1469 2318 1650 2370 dolore

660 2401 668 2410 ·
708 2458 718 2465 ι
784 2405 883 2459 Εῃε
911 2391 1191 2456 extorquet
1215 2392 1275 2440 ut
1300 2388 1534 2440 Hectora
1555 2387 1735 2439 credat

965 2458 1179 2510 Priamo
1204 2461 1386 2511 tamen
1409 2457 1658 2509 Hectoris
1685 2473 1805 2509 ossa

305 2627 457 2736 {502³
882 2678 895 2714 s
923 2669 1054 2721 negis
1171 2671 1250 2709 144
1291 2667 1555 2722 Supplicum
1673 2667 1752 2724 145
1783 2665 1887 2708 Ser-

306 2724 437 2781 lass*r
867 2724 879 2775 4
919 2724 1095 2764 inuidia
1126 2738 1237 2768 corr.
1268 2724 1428 2765 Bueeh.
1545 2725 1621 2764 151
1657 2725 1886 2765 comtante

308 2797 410 2837 luce
840 2779 959 2831 ¹¹stior·
988 2793 1100 2823 corr.
1132 2780 1289 2821 Bacch.
1387 2781 1467 2821 153
1497 2778 1690 2820 infoelix
1806 2780 1887 2823 154

306 2852 475 2906 Cryseb
816 2834 1009 2898 feranda
1039 2834 1045 2888 Ι
1073 2835 1270 2876 harenas
1388 2838 1466 2876 161
1500 2838 1631 2888 patre
