1940 3072
47 491 131 533 605

47 862 133 902 610

49 1231 134 1271 615

50 1600 136 1640 620

53 1969 137 2008 625

825 64 1186 117 -26-

162 185 237 238 sic
277 201 474 253 anceps
514 182 725 236 numeri
763 183 826 234 fit
863 181 1048 234 fabula
1087 199 1284 250 sexque
1322 200 1418 251 per
1458 182 1701 236 aethram

162 258 420 328 uergilias
461 257 608 310 cerni
644 258 796 309 tenet
835 274 988 324 118118,
1028 254 1120 308 sed
1162 255 1322 308 simul
1362 258 1535 310 omnis

163 335 408 385 artauere
449 331 686 401 globum.
762 332 844 382 ter
881 329 938 381 in
978 347 1134 381 auras
1176 329 1406 398 angulus
1447 331 1557 383 exit

163 405 467 474 flammiger
506 407 560 457 et
596 403 781 456 mixtis
821 402 1130 456 Atlantides
1169 403 1387 472 ignibus
1429 405 1631 458 ardent.

163 498 261 532 nec
299 482 485 532 tamen
525 481 608 531 est
644 477 823 531 famae
864 477 1054 530 similis
1094 477 1272 547 uigor,
1312 478 1494 547 ampla
1532 497 1741 533 sorores

164 553 348 606 fabula
385 552 666 622 nobilitat,
704 551 895 605 modus
936 551 1058 604 ollis
1097 568 1288 619 parcus
1329 554 1384 604 et
1421 552 1564 622 ignis

163 627 255 679 uix
292 627 443 680 tenui
479 627 642 696 longe
679 626 797 679 face
835 626 900 678 fit
938 624 1261 694 spectabilis.
1336 625 1492 695 istaS‚

166 701 371 755 alterno
411 701 636 753 redeunt
674 718 793 753 cum
832 700 963 752 bina
1002 699 1314 769 crepuscula
1351 700 1573 770 1111111110,

166 793 259 827 seu
297 793 405 828 nox
445 775 670 827 astrales
712 774 894 827 adolet
932 790 1054 825 cum
1094 773 1309 825 caerula
1346 773 1614 844 flammaS,

167 867 260 902 seu
298 849 596 901 matutinus
637 866 758 901 cum
798 847 975 900 sidera
1014 846 1194 900 disicit
1233 850 1381 900 ortus
1390 890 1405 917 ,

166 922 417 975 conuolui
457 923 606 975 caelo
648 940 885 974 summae
923 923 1081 990 pater
1121 922 1311 973 annuit
1350 922 1580 976 aethrae.

164 1015 262 1049 nec
300 997 476 1049 minus
519 996 693 1049 arenti
733 1014 853 1049 cum
892 995 1039 1048 crine
1079 994 1349 1047 attollitur
1389 999 1565 1049 aestas

166 1073 220 1123 et
259 1088 380 1123 cum
419 1088 555 1123 cana
594 1088 773 1123 comas
812 1069 953 1122 redit
992 1087 1132 1122 anno
1172 1070 1365 1122 bruma
1402 1070 1621 1140 rigenti,

165 1147 411 1212 tempora
450 1144 748 1214 designant.
825 1162 951 1196 nam
993 1143 1039 1195 si
1078 1161 1135 1195 se
1175 1144 1390 1213 gurgite
1429 1144 1627 1197 tollunt

167 1218 449 1287 uergiliae,
489 1236 679 1271 curuas
719 1218 779 1270 in
816 1218 960 1270 flaua
997 1217 1216 1270 noualia
1252 1216 1419 1270 falces

168 1309 411 1345 exercere
451 1292 586 1360 dies3
628 1293 674 1344 si
713 1291 951 1345 condunt
990 1309 1220 1360 aequore
1259 1292 1528 1360 flammaS,

167 1366 416 1418 tellurem
456 1384 643 1435 presso
683 1365 1023 1434 proscindere
1062 1368 1272 1433 tempus
1312 1369 1510 1418 aratro,

240 1438 342 1491 Est
380 1439 602 1508 chelys
642 1440 735 1492 illa
775 1438 988 1507 dehinc,
1032 1441 1216 1490 tenero
1257 1457 1420 1507 quam
1459 1439 1589 1491 lusit
1627 1439 1683 1490 in
1724 1456 1857 1492 aeuo

166 1511 483 1581 Μ616111·1118,
524 1531 687 1565 6111116
726 1513 960 1582 religans
1000 1512 1269 1564 testudine
1310 1512 1535 1565 chordas
1545 1554 1559 1581 ,

169 1588 229 1638 ut
265 1585 536 1639 Parnasso
577 1605 772 1640 munus
811 1586 1160 1638 memorabile
1199 1585 1420 1639 Phoebo

168 1659 426 1712 formaret
463 1661 641 1713 neruis
683 1660 863 1729 opifex
904 1660 1080 1712 deus·
1121 1659 1261 1713 hanc
1299 1660 1393 1712 ubi
1431 1678 1645 1713 rursum

169 1737 459 1786 concentus
502 1735 679 1802 superi
720 1734 1013 1802 compleuit
1050 1733 1273 1803 pulcher
1312 1734 1533 1803 Apollo,

170 1806 384 1876 Orphea
421 1807 675 1877 Pangaeo
716 1807 897 1860 docuit
936 1810 1149 1876 gestare
1192 1808 1290 1860 sub
1332 1810 1501 1860 antro,

168 1880 257 1933 hic
295 1882 405 1933 iam
444 1881 536 1933 fila
573 1899 770 1935 nouem
809 1881 966 1933 docta
1005 1881 1062 1932 in
1100 1881 1468 1934 modulamina
1506 1881 1679 1934 mouit

170 1973 446 2007 musarum
487 1955 553 2007 ad
594 1956 824 2024 speciem
863 1973 1017 2007 musa
1058 1958 1228 2023 satUS‚
1267 1956 1359 2008 ille
1398 1957 1642 2023 repertor

171 2029 410 2081 carmina
448 2028 726 2082 Pleiadum
766 2046 988 2081 numero
1031 2028 1333 2081 deduxerat.
1412 2032 1468 2081 at
1507 2047 1626 2081 cum

170 2101 320 2170 inpia
358 2101 708 2155 Bassaridum
749 2102 1040 2171 carpsisset
1079 2102 1297 2155 dextera
1336 2105 1518 2155 uatem

290 2252 373 2291 601
401 2248 466 2292 sic
491 2249 721 2305 ancepsA
748 2248 1011 2303 siccanceps
1035 2246 1080 2291 V
1135 2252 1219 2292 607
1241 2248 1295 2291 fit
1320 2247 1436 2291 Vsit
1452 2247 1497 2291 A
1560 2251 1643 2291 609
1663 2246 1857 2290 asti-ales

172 2306 359 2351 Grotius
392 2308 618 2351 australes
650 2307 734 2350 VA
827 2311 912 2350 610
946 2306 1102 2350 disicit
1133 2307 1311 2350 correxi
1342 2306 1522 2351 dissicit
1554 2305 1597 2348 V
1617 2305 1791 2349 disiicit
1815 2307 1860 2349 A

171 2365 228 2417 cf.
262 2366 324 2409 ad
354 2380 398 2409 u.
433 2370 554 2411 1550
646 2371 733 2409 614
765 2365 1010 2421 designant
1038 2366 1083 2409 A
1116 2365 1377 2422 dissignant
1418 2365 1460 2407 V
1541 2369 1625 2409 615
1658 2363 1708 2408 in
1738 2364 1860 2407 flaua

178 2423 222 2466 V
247 2424 407 2468 inflare
438 2425 483 2468 A
576 2430 661 2469 616
694 2438 907 2469 exercere
937 2438 959 2468 e
992 2438 1208 2480 exergere
1247 2424 1291 2467 V
1316 2437 1508 2481 exegere
1540 2425 1585 2466 A
1691 2437 1735 2466 u.
1771 2425 1861 2467 618

172 2484 442 2528 inscribitwr
473 2482 638 2528 LVRA
679 2483 763 2527 VA
826 2488 910 2527 619
936 2483 1189 2527 Mercurius
1223 2483 1267 2526 V
1285 2482 1502 2526 Mercurii
1524 2482 1570 2525 A
1633 2486 1716 2526 623
1741 2482 1861 2525 Pan-

173 2555 289 2597 gaeo
328 2556 493 2586 manus
526 2547 551 2587 1
591 2555 826 2599 pengaseo
864 2556 1029 2585 manus
1057 2546 1089 2586 2
1132 2542 1175 2585 V
1202 2542 1410 2598 Pegaseo
1441 2541 1487 2585 A
1606 2555 1651 2585 u.
1686 2544 1780 2585 624
1820 2545 1861 2583 et

174 2603 267 2644 625
314 2603 479 2646 omittit
517 2602 562 2645 A
605 2616 650 2645 u.
692 2605 788 2645 626
825 2602 1095 2645 inscribam·
1134 2615 1309 2658 cygnus
1349 2601 1544 2655 (partim
1582 2602 1776 2654 erasum)
1815 2599 1860 2641 A

176 2663 258 2702 626
299 2659 540 2704 Pleiadum
579 2673 771 2704 numero
811 2660 1077 2704 deduxerat.
1119 2661 1169 2703 at
1207 2674 1310 2703 cum
1355 2659 1399 2702 V
1425 2658 1594 2716 Apollo
1634 2658 1696 2701 du
1736 2659 1859 2713 (sicl)

173 2719 474 2762 memorandi]
515 2718 697 2763 duxerit
735 2732 892 2763 arcum
927 2719 972 2762 A
1094 2723 1178 2762 627
1218 2717 1349 2774 inpia
1389 2717 1681 2761 Bassaridum
1730 2716 1774 2759 V
1809 2716 1860 2758 In

174 2776 338 2830 quibus
372 2778 575 2821 saridum
607 2779 651 2821 A
