1940 3072
0 483 45 954 ⁴mra=mm2wgw
3 105 57 463 ἙἮ-ῑωκῆνῖίᾴμξε,

49 589 55 592 ’
47 380 70 394 A
69 260 73 262 ,
59 237 61 239 -
61 122 64 127 -
42 38 73 85 ’·ἶ’,.

94 77 98 89 .,
88 47 109 61 ,,

843 83 1098 182 ici-58.
1142 153 1159 205 j
1198 102 1203 106 ’
1287 153 1289 155 -
1339 121 1341 123 “
1690 134 1752 189 61

266 259 356 321 Ad
379 277 476 313 sua
499 260 673 312 castra
694 261 902 328 petu‘nt.
951 259 1103 314 lauro
1128 261 1398 319 succincta
1460 262 1610 313 oetae

264 330 503 400 Pegaseo
530 328 595 382 de
617 328 771 382 fonte
795 330 945 398 ueni,
972 347 1224 398 quorore
1249 329 1408 383 medu
1451 348 1508 383 as

181 410 239 451 30
261 399 336 455 Et
359 417 545 454 sensus
568 398 791 471 infunde
815 417 979 452 meos,
1030 418 1124 452 cur
1147 399 1343 470 hospes
1369 403 1577 453 amatur

272 468 376 532 Qui
399 470 710 523 mactandus
735 472 850 522 erat
872 470 961 522 uel
985 487 1080 522 cur
1103 474 1366 524 mactatur
1390 469 1635 523 amatus?

266 595 435 648 Diues
460 595 603 664 apud
629 594 859 649 Colchos
883 595 1103 648 Phrixei
1126 597 1342 649 uelleris
1366 614 1556 649 aurum
1781 597 1832 639 [P-
1855 597 1913 638 ⁷81

268 665 433 719 Pellis
460 669 575 718 erat
598 668 810 718 seruata
835 665 926 718 diu
950 667 1168 719 custode
1195 667 1440 719 dracone.

247 735 423 788 *Hanc
447 739 668 804 propter
690 736 870 805 pelagi
893 739 1182 788 temerator
1205 737 1410 804 primus
1433 736 1594 789 Iason

184 815 242 856 35
266 805 506 859 Uenerat
527 808 590 858 ut
612 805 800 858 rutilas
824 805 1141 858 subduceret
1163 807 1352 858 arbore
1377 806 1543 858 lanas,

269 875 348 929 Ut
373 874 572 944 Scytha
597 876 875 944 conspexit
900 875 1117 928 Graiam
1142 876 1206 928 de
1231 876 1413 929 littore
1438 877 1662 944 puppim

270 946 356 998 Ire
380 964 477 1014 per
500 946 766 998 undosum
791 945 1068 1014 proscissis
1094 946 1342 999 fluctibus
1368 963 1584 1014 aequor,

269 1015 532 1086 Expauit,
564 1034 691 1068 nam
724 1019 966 1068 monstra
1002 1019 1182 1083 putat:
1228 1017 1347 1084 quis
1387 1017 1624 1068 crederet
1657 1033 1770 1067 um·

1383 1105 1507 1138 uam

270 1155 375 1208 Per
398 1155 537 1208 freta
559 1174 656 1224 per
680 1156 891 1208 rabidas
916 1155 1191 1208 hominem
1215 1104 1441 1208 transire
1467 1155 1769 1224 procellas?

192 1235 249 1276 40
273 1225 542 1278 Barbarus
566 1227 755 1295 ignaro
781 1226 897 1295 regi
920 1226 1028 1278 iam
1051 1226 1274 1278 nuntius
1299 1226 1412 1278 ibat

273 1294 418 1357 Quae
443 1314 589 1348 noua
611 1295 872 1364 perferret
896 1296 1116 1365 pelagus
1128 1338 1142 1363 ‚
1169 1296 1261 1348 sed
1287 1296 1508 1348 callidus
1532 1295 1692 1348 heros

275 1364 432 1420 Solus
455 1365 616 1418 Iason
642 1366 816 1418 adhuc
840 1368 1005 1417 uento
1032 1369 1276 1417 currente
1304 1366 1485 1418 carina

272 1435 494 1488 Prosilit
517 1436 576 1487 in
600 1436 793 1488 fluctus
820 1439 873 1487 et
892 1435 1077 1487 littora
1100 1436 1218 1487 uisa
1241 1439 1430 1488 natatu

272 1505 327 1558 N
329 1505 521 1558 udatus
546 1523 643 1558 ceu
668 1509 834 1558 nauta
857 1505 1007 1573 petit.
1044 1506 1138 1557 sed
1162 1504 1377 1558 Colchis
1403 1506 1649 1558 alumnus

138 1604 158 1610 .„
190 1585 245 1625 45
270 1575 508 1628 Nuntius
532 1575 623 1628 ille
650 1576 788 1628 redit
812 1593 992 1627 secum
1017 1576 1307 1628 comitante
1333 1577 1554 1628 iuuenta

273 1645 352 1698 Ut
374 1649 596 1698 nossent
622 1647 751 1714 quid
773 1647 968 1714 puppis
995 1647 1109 1697 erat
1134 1646 1261 1714 quid
1296 1646 1416 1698 uela
1441 1646 1567 1714 quid
1599 1645 1773 1698 arbor.

274 1715 520 1767 Membra
544 1716 649 1768 uiri
673 1734 799 1768 mox
824 1715 970 1767 nuda
992 1715 1180 1768 uident
1202 1716 1463 1785 fugientis
1488 1716 1556 1768 ad
1588 1716 1775 1783 undaS‚

275 1785 445 1846 Quem
465 1786 705 1854 sequitur
724 1785 924 1837 directa
942 1804 1132 1837 manus
1144 1786 1467 1854 capiuntque
1488 1784 1777 1854 pauentem

272 1855 348 1909 Et
370 1856 616 1908 manibus
637 1859 760 1924 post
778 1860 931 1924 terga
954 1856 1141 1924 ligant.
1179 1859 1309 1907 tunc
1333 1856 1470 1908 Iuno
1490 1855 1775 1924 Cytheren,

195 1935 253 1976 50
278 1924 356 1978 Ut
379 1926 517 1978 uidit
541 1927 791 1978 iuuenem
818 1924 1091 1993 Scythicas
1116 1928 1314 1978 artasse
1341 1929 1555 1978 catenas

278 1995 353 2048 Et
378 1996 598 2064 pauidos
624 1997 825 2066 fugisse
852 1995 1010 2047 simul
1036 2013 1155 2047 cum
1182 2013 1359 2063 puppe
1385 1996 1608 2064 sodales,

279 2066 630 2134 Adloquitur:
660 2066 888 2118 ‘lasciua
913 2064 1098 2117 Uenus
1123 2065 1354 2117 iucunda
1379 2067 1621 2118 modesta

278 2135 489 2188 Blanda
511 2139 703 2204 potens
727 2136 871 2187 mitis
896 2135 1124 2187 fecunda
1148 2138 1399 2187 uenustas
1426 2136 1622 2188 amoris

279 2205 515 2258 Pulchra
538 2206 879 2274 uoluptatum
905 2205 1149 2275 genetrix
1174 2209 1227 2257 et
1260 2223 1461 2257 numen
1487 2208 1777 2272 amantum,

197 2284 253 2324 55
279 2275 355 2328 Te
382 2275 565 2327 diuum
589 2276 776 2345 regina
800 2293 989 2343 precor
1013 2279 1259 2327 matrona
1283 2275 1567 2328 Tonantis:

280 2345 382 2398 Est
403 2346 564 2398 nimis
591 2349 839 2414 acceptus
866 2346 1076 2397 iuuenis
1101 2345 1235 2397 mihi
1258 2345 1482 2414 pulcher
1504 2345 1667 2397 Iason

285 2415 389 2476 Qui
410 2415 644 2484 gelidum
661 2415 930 2484 quondam
949 2433 1156 2467 mecum
1177 2418 1552 2468 transnauerat
1569 2415 1782 2482 Istrum,

282 2485 356 2537 Et
379 2503 522 2537 nunc
547 2486 737 2538 infelix
761 2485 994 2537 trahitur
1020 2485 1264 2553 captiuus
1290 2485 1355 2536 ad
1381 2486 1557 2536 aulam

291 2699 345 2737 29
378 2696 583 2737 medulas
612 2699 692 2738 sed
720 2700 857 2737 altera
887 2698 901 2736 1
931 2711 1064 2749 supra
1095 2711 1122 2736 a
1154 2698 1317 2736 literam
1347 2698 1523 2748 appieta
1552 2702 1615 2736 est
1728 2697 1783 2736 32

180 2752 381 2804 Phryxei
467 2755 520 2794 33
552 2753 628 2792 dui
733 2755 786 2794 39
818 2754 1001 2794 tabidas
1085 2755 1140 2793 40
1172 2754 1374 2800 nuntius]
1406 2753 1578 2792 Mutius
1600 2764 1626 2804 γ
1729 2752 1786 2791 44

177 2808 285 2859 fort.
324 2807 520 2849 Colchus
662 2810 716 2849 46
760 2813 916 2850 nosset
960 2822 1073 2849 corr.
1112 2808 1271 2848 Bueclz.
1413 2809 1467 2848 49
1481 2824 1490 2834 2
1513 2807 1728 2848 citherem

181 2865 236 2905 53
265 2869 484 2906 uenustas
516 2865 682 2907 amoris
713 2872 954 2917 corruptum
984 2866 1152 2904 uidetur
