1940 3072
239 141 309 196 38
704 144 975 190 PHAEDRI
1008 143 1380 190 FABVLARVM

794 324 1117 374 FABVLA
1151 326 1291 374 XIII.

637 414 733 455 DE
764 413 1002 454 LEONE
1030 413 1440 457 REGNANTE.

307 508 487 558 Vtilius
510 506 700 556 homini
726 506 852 555 nihil
879 513 955 555 est
979 521 1126 570 quam
1151 512 1286 556 recte
1314 507 1478 571 loqui:

238 578 496 627 Probanda
522 578 716 626 cunctis
741 582 817 625 est
840 576 1042 641 quidem
1068 578 1330 634 sententia,

239 649 337 697 Sed
363 648 423 697 ad
447 648 724 712 perniciem
750 647 873 696 solet
898 647 977 709 agi
1004 648 1282 696 sinceritas.

308 718 430 768 Cum
454 733 507 767 se
531 718 751 767 ferarum
775 731 945 780 regem
969 716 1172 766 fecisset
1196 717 1273 766 leo

241 788 299 837 Et
324 789 591 853 aequitatis
614 787 763 836 vellet
787 787 969 836 famam
994 789 1244 852 consequi,

235 858 276 907 A
301 859 511 923 pristina
537 857 739 907 deflexit
763 857 1119 906 consuetudine

234 928 395 992 Atque
421 930 554 977 inter
577 927 689 976 illas
713 928 854 976 tenui
879 932 1141 976 contentus
1168 927 1279 976 cibo

236 997 416 1047 Sancta
440 999 727 1062 incorrupta
752 999 864 1046 iura
886 996 1128 1046 reddebat
1151 998 1261 1046 fide.

234 1066 501 1133 Postquam
524 1066 695 1117 labare
721 1068 886 1132 coepit
910 1069 1231 1132 poenitentia,

920 1161 950 1192 ³1⁴·
1023 1163 1053 1193 zie
1125 1163 1156 1194 ²1⁸

794 1291 1112 1340 FABVLA
1148 1291 1282 1340 XIV.

755 1386 1318 1429 PROMETHEVS.

918 1479 947 1509 ³1:
1024 1480 1053 1509 21<
1127 1477 1156 1508 a<

304 1543 343 1591 A
367 1543 566 1592 fictione
590 1543 777 1591 veretri
804 1542 1023 1604 linguam
1046 1542 1287 1590 mulieriS.

233 1612 548 1662 Aclfinitatem
571 1614 724 1662 traxit
748 1611 864 1661 inde
892 1610 1186 1660 obscenitas.

802 1766 1122 1814 FABVLA
1158 1765 1266 1814 XV.

933 1854 1132 1896 IDEM.

301 1947 509 2011 Rogavit
535 1947 681 2004 alter,
707 1944 929 1995 tribadas
955 1954 1005 1995 et
1030 1947 1205 1996 molles
1230 1962 1393 1997 mares

233 2016 366 2074 Quae
393 2019 519 2067 ratio
544 2016 885 2082 procreasset?
934 2015 1176 2080 Exposuit
1200 2032 1376 2066 senex:

302 2087 436 2135 Idem
462 2087 810 2143 Prometheus,
839 2091 1010 2135 auctor
1034 2087 1167 2150 vulgi
1191 2087 1373 2143 fictilis,

235 2155 345 2221 (Qui
369 2157 517 2205 simul
543 2156 746 2206 offendit
771 2157 831 2205 ad
856 2157 1127 2215 fortunam,
1155 2155 1421 2222 frangitur)

229 2226 446 2275 Naturae
471 2232 663 2290 partes,
690 2233 825 2275 veste
852 2240 975 2291 quas
999 2226 1124 2276 celat
1147 2227 1322 2292 pudor,

231 2296 353 2346 Cum
379 2297 647 2361 separatim
670 2302 774 2344 toto
799 2297 1024 2345 finxisset
1050 2297 1145 2354 die,

229 2367 412 2431 Aptare
438 2381 551 2415 mox
575 2371 631 2414 ut
654 2372 823 2430 posset
848 2366 1143 2430 corporibus
1171 2369 1289 2423 suis,

229 2436 303 2485 Ad
329 2451 502 2484 cenam
529 2441 604 2485 est
630 2436 865 2484 invitatus
892 2435 1056 2484 subito
1084 2452 1111 2485 a
1135 2435 1336 2487 Libero·

227 2504 320 2554 Vbi
347 2507 594 2569 inrigatus
620 2505 773 2554 multo
798 2520 948 2554 venas
972 2512 1173 2555 nectare

230 2575 352 2623 Sero
378 2576 578 2624 domum
604 2582 680 2624 est
703 2590 932 2624 reversus
959 2576 1194 2626 titubanti
1218 2577 1361 2641 pede.

228 2643 357 2694 Tum
383 2646 680 2694 semisomno
707 2645 854 2694 corde
883 2651 932 2693 et
957 2661 1125 2695 errore
1153 2646 1291 2695 ebrio

228 2714 480 2778 Adplicuit
503 2715 742 2778 virginale
768 2717 943 2778 generi
968 2716 1183 2765 masculo

229 2783 291 2831 Et
316 2784 584 2834 masculina
608 2784 833 2834 membra
859 2785 1096 2849 adplicuit
1119 2787 1334 2835 feminis.

228 2851 299 2900 Ita
326 2868 456 2901 nunc
478 2852 634 2903 libido
660 2870 811 2919 pravo
836 2855 1022 2904 fruitur
1046 2856 1242 2920 gaudio.

1730 2581 1838 2624 *10
