1940 3072
761 165 940 213 LIBER
971 165 1030 215 V.

98 289 259 342 Asello
283 289 430 339 iussit
452 288 689 355 reliquias
712 292 830 355 poni
853 290 1044 342 hordei.

98 359 229 418 Quas
253 366 542 424 aspernatus
564 359 648 409 ille
673 361 745 410 sic
768 360 959 411 locutus
984 366 1086 412 est:

95 429 335 481 Libenter
358 430 508 479 istum
531 443 736 494 prorsus
762 429 1044 495 adpeterem
1069 428 1250 488 cibum,

96 499 226 557 Nisi,
253 500 339 564 qui
363 499 580 548 nutritus
603 498 687 548 illo
713 504 811 557 est',
839 499 1085 563 iugulatus
1109 501 1257 550 foret.

168 568 327 618 Huius
350 574 581 633 respectu
603 567 799 618 fabulae
824 569 1094 619 deterritus

96 637 436 689 Periculosum
461 652 657 703 semper
679 639 829 688 vitavi
852 638 1063 688 lucrum.

98 707 194 757 Sed
221 707 368 757 dicis:
420 705 515 764 Qui
539 721 752 772 rapuere
778 707 997 766 divitiaS,
1023 707 1223 758 habent.

95 777 425 828 Numeremus
449 777 681 840 agedum,
708 779 794 843 qui
819 777 1051 842 deprensi
1077 779 1353 843 perierunt.

94 847 330 897 Maiorem
353 845 551 896 turbam
574 848 861 912 punitorum
884 849 1123 912 reperieS.

94 916 272 967 Paucis
296 917 551 966 temeritas
576 921 652 966 est
676 915 828 973 bono,
856 917 1024 966 multis
1046 917 1192 968 malo.

682 1043 723 1091 F
733 1043 832 1091 AB
845 1043 892 1090 V
901 1043 942 1091 L
952 1044 999 1091 A
1041 1043 1104 1093 V.

501 1122 777 1166 SGVRRA
804 1124 896 1165 ΕΤ
925 1124 1282 1167 RVS'I'IGVS.

163 1193 319 1243 Pravo
342 1195 509 1244 favore
535 1193 636 1243 labi
660 1193 892 1243 mortales
916 1194 1074 1244 solent

94 1264 179 1322 Et,
206 1279 297 1329 pro
322 1264 508 1313 iudicio
534 1264 651 1313 dum
677 1269 808 1313 stant
833 1265 1021 1313 erroris
1044 1266 1136 1321 sui,

98 1333 168 1383 Ad
191 1333 543 1398 poenitendum
567 1332 719 1382 rebus
743 1334 1019 1383 manifestis
1045 1336 1141 1397 agi.

164 1403 406 1453 Facturus
430 1402 573 1452 ludos
598 1402 798 1468 quidam
823 1402 958 1452 dives
982 1402 1175 1453 nobiles

94 1472 352 1538 Proposito
377 1478 578 1523 cunctos
602 1473 828 1523 invitavit
850 1474 1086 1538 praemio,

94 1542 249 1601 Quam
274 1543 482 1608 quisque
506 1548 674 1608 posset
697 1548 752 1592 ut
776 1544 1042 1592 novitatem
1067 1542 1361 1593 ostenderet.

93 1613 286 1662 Venere
312 1613 527 1662 artifices
550 1611 710 1661 laudis
736 1611 796 1661 ad
821 1614 1116 1671 certamina;

94 1681 225 1740 Quos
248 1683 382 1731 inter
406 1697 601 1740 scurra,
628 1688 774 1731 notus
797 1681 989 1732 urbano
1016 1682 1130 1740 sale,

94 1746 290 1802 Habere
318 1751 443 1802 dixit
467 1766 519 1802 se
544 1766 699 1815 genus
724 1752 1006 1817 spectaculi,

95 1820 234 1879 Quod
258 1822 311 1870 in
336 1821 527 1871 theatro
551 1836 817 1886 numquam
841 1821 1085 1887 prolatum
1109 1823 1254 1872 foret.

94 1891 358 1957 Dispersus
383 1905 553 1940 rumor
578 1892 823 1940 civitatem
850 1892 1077 1940 concitat.

94 1960 262 2010 Paullo
288 1966 399 2012 ante
424 1975 574 2010 vacua
600 1959 797 2010 turbam
823 1959 1057 2010 deficiunt
1080 1960 1200 2009 loca.

95 2031 148 2080 In
174 2044 322 2080 scena
345 2044 462 2079 vero
486 2035 744 2095 postquam
770 2029 902 2080 solus
929 2031 1148 2079 constitit

97 2100 211 2150 Sine
239 2100 498 2165 adparatu,
526 2100 673 2149 nullis
700 2098 1019 2157 adiutoribuS,

97 2169 358 2219 Silentium
382 2171 491 2235 ipsa
515 2170 635 2219 fecit
658 2171 972 2234 exspectatio.

94 2239 182 2289 Ille
208 2241 260 2289 in
285 2241 448 2289 sinum
472 2245 677 2304 repente
704 2239 902 2288 demisit
928 2245 1072 2303 caput

88 2309 157 2369 (Et
181 2310 251 2358 sic
275 2308 482 2374 porcelli
508 2324 676 2359 vocem
702 2315 776 2359 est
800 2310 1021 2358 imitatus
1046 2323 1147 2366 sua,

96 2377 274 2428 Verum
300 2385 354 2428 ut
379 2378 580 2429 subesse
606 2379 755 2444 pallio
781 2378 1136 2428 contenderent

95 2449 156 2498 Et
180 2450 342 2498 excuti
368 2447 617 2498 iuberent.
669 2447 773 2506 Quo
805 2449 932 2497 sacto
957 2448 1103 2497 simul

95 2518 229 2568 Nihil
254 2525 327 2568 est
352 2524 628 2583 repertum,
656 2518 821 2567 multis
850 2524 1053 2567 onerant
1078 2517 1304 2568 laudibus

96 2588 450 2652 Hominemque
476 2588 649 2653 plausu
674 2592 1040 2652 prosequuntur
1065 2589 1293 2636 maximo·

96 2658 197 2708 Hoc
222 2657 343 2706 vidit
366 2658 477 2707 fieri
500 2659 732 2707 rusticus,
784 2656 890 2705 Non
914 2655 1193 2704 mehercule

94 2725 170 2777 Me
196 2728 382 2785 vincet,
410 2728 595 2792 inquit:
636 2733 684 2776 et
709 2727 873 2776 statim
898 2726 1147 2790 professus
1175 2731 1249 2774 est

95 2796 230 2845 Idem
253 2796 500 2846 facturum
525 2797 702 2846 melius
729 2811 780 2846 se
807 2795 1063 2860 postridie.

98 2865 177 2915 Fit
201 2865 344 2916 turba
368 2867 539 2917 maior.
592 2866 692 2916 Iam
718 2867 854 2916 favor
879 2871 1069 2915 mentes
1093 2868 1226 2914 tenet

1624 162 1689 217 47

1638 783 1693 826 10

1636 1826 1690 1869 10

1636 2174 1690 2216 15

1635 2523 1689 2563 20

1634 2871 1687 2913 25
