1940 3072
797 148 974 194 LIBER
1008 148 1087 195 IV.

695 307 968 357 FABVLA
1002 307 1182 358 XXIV.

522 395 888 439 EORMIGA
928 396 1028 438 ’.ΕΤ
1070 396 1355 440 MVSGA.

180 471 348 539 [Nihil
372 495 519 546 agere
545 481 677 547 quod
701 496 800 531 non
825 483 1009 547 prosit,
1037 480 1218 532 fabella
1242 480 1516 549 admonet.]

210 553 442 602 Formica
466 557 518 601 et
540 565 710 602 musca
735 551 1099 603 contendebant
1123 553 1322 611 acriter,

141 621 275 681 Quae
299 621 459 688 pluris
481 627 628 671 osset.
677 621 844 671 Musca
869 623 941 671 sic
966 623 1128 688 coepit
1149 624 1314 688 prior.

145 693 381 744 Conferre
408 693 592 742 nostris
616 698 671 742 tu
694 698 836 757 potes
859 697 909 741 te
933 690 1192 742 laudibus?

141 761 235 812 Vbi
260 761 547 819 inmolatur,
576 767 688 811 exta
712 767 977 826 praegusto
1002 762 1174 820 deum;

140 832 307 882 Moror
330 834 465 882 inter
489 845 620 888 aras,
647 830 828 896 templa
851 831 1099 897 perlustro
1124 833 1301 881 omnia.

139 901 196 952 In
222 903 383 968 capite
407 903 541 966 regis
564 901 738 958 sedeo,
768 915 880 951 cum
903 903 1065 952 visum
1091 907 1166 951 est
1189 902 1327 959 mihi,

141 971 204 1022 Et
226 977 563 1022 matronarum
588 976 721 1021 casta
746 970 911 1021 delibo
937 971 1118 1021 oscula.

140 1041 335 1092 Laboro
359 1041 508 1099 nihil,
537 1046 682 1108 atque
708 1043 910 1106 optimis
934 1040 1086 1091 rebus
1109 1043 1264 1091 fruor.

140 1110 270 1170 Quid
293 1112 472 1162 horum
496 1111 655 1160 simile
680 1110 775 1162 tibi
800 1112 1068 1175 contingit,
1095 1111 1313 1161 rustica?

140 1181 229 1231 Est
253 1181 498 1245 gloriosus
524 1196 640 1230 sane
666 1182 921 1230 convictus
944 1181 1107 1239 deum,

143 1251 239 1300 Sed
264 1251 362 1309 illi,
389 1253 475 1317 qui
500 1252 758 1307 invitatur,
785 1266 882 1300 non
908 1252 993 1316 qui
1016 1252 1206 1301 invisus
1232 1257 1322 1302 est.

141 1323 262 1371 Aras
284 1322 595 1386 frequentas:
632 1335 811 1385 nempe
836 1319 1075 1384 abigeriS,
1103 1336 1251 1386 quom
1274 1323 1430 1371 venis·

139 1391 300 1455 Reges
325 1404 664 1440 conmemoras
688 1396 738 1439 et
760 1395 1097 1440 matronarum
1121 1390 1314 1448 oscula;

142 1460 303 1525 Super
328 1462 478 1511 etiam
502 1462 681 1518 iactaS,
707 1465 878 1522 tegere
903 1460 1035 1525 quod
1059 1459 1208 1510 debet
1230 1460 1407 1525 pudor.

141 1530 278 1580 Nihil
302 1530 522 1581 laboras:
559 1529 672 1579 ideo
697 1544 812 1578 cum
836 1545 958 1595 opus
984 1536 1082 1587 est,
1108 1530 1179 1579 nil
1204 1530 1373 1579 habes.

140 1599 245 1664 Ego
270 1614 478 1664 granum
503 1601 557 1649 in
581 1599 798 1649 hiemem
823 1614 936 1649 cum
960 1599 1179 1650 studiose
1204 1614 1436 1663 congero,

141 1669 212 1719 Te
238 1672 371 1720 circa
394 1684 592 1720 murum
615 1670 753 1734 pasci
778 1669 920 1719 video
946 1675 1181 1720 stercore.

143 1741 340 1790 Aestate
365 1754 444 1789 me
469 1738 695 1796 lacessis;
722 1754 836 1788 cum
860 1739 1035 1789 bruma
1061 1746 1161 1796 est,
1190 1739 1322 1789 siles,

140 1809 266 1859 Mori
292 1815 594 1859 contractam
618 1823 732 1858 cum
754 1814 804 1858 te
831 1815 1012 1872 cogunt
1035 1810 1236 1872 frigora,

140 1878 217 1928 Me
242 1881 441 1945 copiosa
464 1879 645 1943 recipit
669 1878 965 1927 incolumem
992 1878 1181 1928 domuS.

143 1949 273 1998 Satis
297 1949 520 2014 profecto
544 1947 730 1998 rettudi
756 1947 1053 2013 superbiam.

212 2018 412 2068 Fabella
437 2018 548 2069 talis
573 2018 826 2067 hominum
850 2017 1088 2067 discernit
1110 2024 1250 2067 notas

142 2087 349 2145 Eorum,
376 2090 463 2153 qui
488 2103 541 2138 se
567 2088 706 2137 falsis
731 2093 907 2137 ornant
932 2086 1178 2144 laudibuS,

142 2157 203 2207 Et
228 2173 438 2223 quorum
462 2158 619 2207 virtus
644 2156 847 2206 exhibet
871 2156 1082 2206 solidum
1108 2157 1269 2206 decus.

690 2282 1005 2359 FABVnA
1042 2282 1195 2331 xxv,

818 2364 1069 2406 POETA.

213 2434 458 2494 Quantum
480 2434 702 2485 valerent
726 2436 858 2484 inter
882 2435 1107 2485 homines
1130 2435 1341 2491 litterae,

142 2505 255 2555 Dixi
282 2506 533 2570 superius:
572 2510 782 2569 quantus
805 2519 938 2554 nunc
961 2504 1061 2553 illis
1085 2505 1239 2553 honos

143 2576 184 2625 A
207 2575 402 2639 superis
427 2576 492 2623 sit
514 2574 753 2631 tributus,
781 2574 974 2623 tradam
998 2575 1283 2622 memoriae.

215 2643 495 2693 Simonides
518 2644 652 2693 idem
676 2643 786 2700 ille,
815 2643 874 2692 de
901 2658 997 2708 quo
1022 2642 1207 2698 rettuli,

144 2714 332 2762 Victori
357 2713 552 2763 laudem
576 2712 768 2763 cuidam
792 2718 963 2778 pyctae
988 2717 1043 2761 ut
1068 2711 1328 2768 scriberet,

146 2782 292 2832 Certo
320 2783 589 2832 conductus
613 2784 775 2848 pretio
802 2787 1047 2831 secretum
1070 2784 1211 2845 petit.

145 2851 332 2917 Exigua
358 2866 468 2903 cum
492 2852 713 2902 frenaret
736 2852 943 2901 materia
968 2853 1204 2917 inpetum,

1684 1184 1740 1227 10

1684 1532 1740 1575 15

1683 1883 1741 1924 20
