1940 3072
1517 19 1527 29 ο
1535 19 1539 21 ’
1546 0 1562 29 γο
1573 19 1579 26 ⁴
1591 0 1765 32 -·mv‘v<,“gT¹
1773 0 1940 28 o*v'‘?f·

725 58 755 66 ›v-
778 57 783 61 ,
809 47 839 58 ’·ι
947 46 975 64 25
1030 46 1074 62 ,τι
1104 58 1106 61 v

684 63 695 73 ‹
736 78 742 85 ι
800 64 833 80 7>
856 64 889 75 »ιι
906 70 930 82 ,ν
952 62 1003 77 =›-'

797 172 840 215 V
870 174 1092 215 118-177
1148 172 1151 175 “
1683 170 1751 223 15

116 311 139 366 J
165 334 170 339 ·
249 299 452 350 Annua
473 296 738 350 nobilium
760 298 1066 366 praestabat
1088 295 1280 349 funera
1302 295 1517 364 templis

26 371 62 425 -ῗ,
143 375 228 418 150
252 365 590 436 Saturnoque
615 367 731 420 seni
754 385 950 436 pueros
974 367 1243 420 mactabat
1265 366 1332 419 ad
1356 383 1491 435 aras,

123 448 145 459 ⁶
172 442 178 446 ’
247 437 447 491 Tristia
468 437 823 507 plangentum
847 436 1138 490 foedabant
1162 455 1256 490 ora
1279 439 1580 506 parentum.

246 507 367 561 Hoc
389 507 477 560 uir
499 507 656 560 fortis
682 507 796 577 agis
810 549 822 572 ,
850 508 1128 576 rapientur
1150 507 1356 560 uiscera
1380 508 1570 575 matri,

245 577 321 630 Et
342 578 485 646 perit
508 580 633 630 ante
660 578 844 630 0011103
869 578 1130 647 genitoris
1155 578 1351 648 pignus
1377 581 1612 630 amatum

245 649 359 700 Aut
381 648 585 716 populo
611 651 886 716 spectante
915 647 1106 700 cadet?
1153 666 1275 701 cum
1300 647 1462 700 Troia
1485 648 1712 716 periret,

141 727 223 768 155
248 716 418 770 Filius
441 717 690 770 Aeacidis
715 719 803 770 uel
828 718 1025 771 uindex
1050 717 1289 786 Pyrrhus
1317 717 1548 770 Achillis

244 789 390 840 Ante
415 788 598 841 oculos
622 788 824 841 Priami
848 788 1110 856 percussit
1133 791 1292 841 nocte
1317 787 1534 840 Politen

245 857 387 910 Belli
411 859 527 911 iure
550 858 751 911 furens.
801 861 985 910 tamen
1009 858 1144 910 ultio
1174 858 1337 928 digna
1360 857 1530 910 relata
1553 860 1650 925 est,

243 928 272 981 I
310 946 365 980 se
389 927 777 997 Neoptolemus
802 928 967 981 iacuit
990 946 1271 996 percussus
1296 928 1364 981 ad
1389 945 1530 980 aras:

190 1064 197 1066 ν
245 947 486 1060 &naliter
509 999 756 1067 impietas
782 1017 837 1051 se
863 998 1126 1065 uindicat,
1152 999 1316 1067 impie
1342 998 1530 1050 uictor.

139 1078 221 1118 160
246 1066 387 1130 Quid
410 1069 596 1121 matris
621 1069 826 1137 patriae
851 1068 1212 1122 uenerandam
1235 1069 1433 1138 polluis
1459 1067 1675 1120 arcem?

242 1138 310 1191 In
335 1157 442 1208 qua
463 1139 666 1207 templa
690 1139 892 1207 sedent,
917 1140 1012 1191 ubi
1036 1140 1260 1191 numina
1284 1157 1443 1207 saepe
1468 1138 1674 1206 precati

242 1208 530 1278 FleximuS‚
556 1213 618 1262 ut
642 1228 824 1278 sospes
848 1210 1059 1262 rediens
1086 1212 1140 1261 et
1163 1210 1337 1262 uictor
1360 1209 1419 1261 in
1445 1208 1605 1261 armis

244 1278 499 1347 Captiuos
522 1282 648 1348 post
669 1280 810 1332 bella
834 1280 1054 1332 trahens
1081 1283 1135 1332 et
1158 1279 1380 1331 uulnere
1406 1279 1573 1331 lassos

242 1348 480 1401 Intrares
504 1350 729 1418 patriam
744 1391 758 1418 ‚
784 1368 853 1402 ne
879 1367 1070 1402 saeuus
1095 1350 1341 1417 uinceret·
1358 1349 1531 1401 hostis

138 1428 219 1470 165
244 1417 349 1480 Qui
373 1419 631 1472 scandens
655 1438 838 1472 muros
864 1421 1007 1472 ciues
1030 1419 1260 1472 laniaret
1284 1420 1342 1471 in
1369 1421 1514 1471 urbe.

241 1488 362 1542 Hoc
386 1493 583 1542 matres
608 1491 865 1559 puerique
890 1493 1113 1560 rogant,
1138 1490 1242 1542 hoc
1267 1490 1386 1559 ipsa
1411 1490 1672 1557 senectus,

244 1558 546 1629 Uirginitas
569 1560 674 1613 hoc
699 1563 845 1613 casta
871 1562 1032 1629 petit,
1059 1560 1163 1613 hoc
1190 1578 1392 1629 pauper
1418 1559 1621 1611 adorat.

89 1774 91 1776 ’
135 1769 409 1829 Quaestio:
449 1773 524 1824 At
545 1773 779 1839 inquies:
813 1772 906 1825 sed
928 1787 1129 1840 pauper
1150 1773 1397 1826 inimicus
1420 1770 1744 1825 insidianter
1767 1794 1819 1833 [p.
1843 1794 1902 1834 16]

462 1846 640 1913 potuit
664 1845 726 1898 de
749 1847 918 1899 morte
944 1845 1133 1899 diuitis
1158 1847 1412 1913 cogitare.

240 1971 298 2025 Si
321 1974 524 2041 potuit,
551 1974 784 2026 uoluisse
808 1976 954 2041 puta.
1005 1991 1131 2025 nam
1158 1973 1270 2025 uita
1293 1974 1530 2042 potentis

237 2042 367 2095 Non
391 2043 529 2096 iacet
552 2043 759 2095 insidiis
785 2044 891 2095 nisi
917 2043 1098 2095 diuitis
1126 2047 1284 2112 atque
1309 2042 1600 2111 propinqui

135 2121 217 2162 170
242 2114 356 2165 Aut
380 2117 520 2165 certe
545 2114 592 2166 si
617 2117 826 2182 sceptra
850 2114 1040 2183 uigent
1064 2114 1162 2165 sub
1187 2114 1329 2182 regis
1357 2113 1505 2166 auari

237 2182 488 2251 ImPerio.
538 2183 735 2236 fortem
759 2183 978 2236 timidus
1002 2183 1258 2236 formidat
1282 2187 1336 2236 et
1359 2183 1569 2251 horret,

240 2252 369 2306 Non
393 2253 550 2305 fortis
575 2254 773 2306 lassum
804 2254 986 2306 timuit
1009 2271 1107 2306 nec
1135 2254 1282 2306 diues
1304 2256 1566 2323 egentem.

240 2321 448 2375 Debilis
474 2327 528 2376 et
550 2342 754 2392 pauper
777 2323 953 2376 nudus
977 2323 1252 2376 mendicus
1278 2341 1478 2393 egenus

241 2391 410 2454 Quem
429 2395 626 2446 macies
647 2412 895 2462 suprema
912 2397 1076 2462 tenet,
1105 2412 1261 2462 quem
1287 2394 1492 2463 frangit
1517 2396 1740 2463 egestas,

138 2473 219 2513 175
245 2461 403 2516 Unde
427 2481 614 2516 necem
637 2465 816 2532 potuit
840 2482 1043 2532 pauper
1070 2467 1298 2516 tractare
1324 2463 1601 2532 potentis?

241 2531 398 2586 Solus
418 2534 534 2585 abit
556 2552 762 2602 pauper
784 2552 884 2586 nec
910 2552 965 2586 30
992 2535 1352 2602 circumspicit
1377 2551 1616 2601 unquam

236 2602 352 2655 Nec
376 2603 532 2655 timet
555 2604 778 2656 insidias
804 2622 1011 2672 semper
1034 2605 1170 2656 bene
1197 2605 1440 2656 conscius
1466 2604 1667 2655 insons,

0 2363 13 2415 [ἑ

247 2761 327 2801 152
359 2763 631 2813 corruptelae
661 2767 763 2801 nola
790 2762 991 2813 praefixa
1017 2758 1023 2810 1
1057 2767 1154 2811 post
1184 2761 1364 2800 uiscera
1394 2761 1546 2800 literae
1575 2760 1742 2812 conspi-

1010 2823 1057 2846 en

132 2857 298 2896 ciuntur
327 2860 370 2896 tr
486 2859 566 2898 155
598 2858 772 2899 eacidis
890 2860 968 2898 159
1000 2859 1208 2910 impietas
1327 2859 1406 2897 172
1450 2855 1621 2909 timuit]
1647 2857 1742 2908 for·

132 2917 245 2953 tasse
276 2913 453 2956 metuit.
485 2915 581 2954 uide
611 2929 649 2954 u.
684 2915 763 2955 178
