1940 3072
782 159 962 205 LIBER
994 161 1031 206 Ι.

686 319 728 367 F
738 318 786 368 A
796 319 838 367 B
848 318 896 366 V
906 319 948 368 L
957 319 1006 369 A
1041 319 1128 370 IX.

266 407 535 450 PASSER
561 408 661 450 AD
688 406 1034 450 LEPOREM
1063 407 1548 453 CONSILIA‘I'OR.

179 491 286 543 Sibi
311 507 409 542 non
436 507 609 542 cavere
635 498 687 542 et
712 492 822 543 aliis
848 493 1108 543 consilium
1133 493 1251 544 dare

109 562 322 613 Stultum
347 577 456 612 esse
480 564 654 628 paucis
679 563 995 613 ostendamus
1018 563 1261 614 versibus,

177 632 482 698 Oppressum
506 632 568 683 ab
594 633 758 699 aquila
784 640 834 683 et
857 632 1004 684 fletus
1029 633 1257 683 edentem
1281 647 1457 698 graves

104 702 349 768 Leporem
375 702 668 767 obiurgabat
690 716 888 768 passer:
939 701 1037 753 Ubi
1061 705 1333 768 pernicitas

105 772 254 831 Nota,
282 774 467 839 inquit,
495 773 581 823 illa
607 773 711 823 est?
760 772 891 831 Quid
915 773 985 823 ita
1010 779 1267 823 cessarunt
1290 773 1472 838 pedes?

105 842 232 895 Dum
257 843 502 909 loquitur,
529 845 694 909 ipsum
720 844 961 909 accipiter
985 845 1285 908 necopinum
1309 845 1442 909 rapit

104 911 390 979 Questuque
413 928 539 963 vano
563 913 899 964 clamitantem
922 913 1178 963 interficit.

103 982 266 1048 Lepus
292 985 614 1033 semanimus:
664 983 838 1034 Mortis
865 998 927 1033 en
954 983 1214 1033 solacium!

103 1051 198 1110 Qui
222 1053 368 1103 modo
392 1068 599 1120 securus
624 1061 793 1103 nostra
818 1052 1072 1103 inridebas
1098 1054 1242 1110 mala,

105 1122 269 1174 Simili
294 1123 495 1189 querela
519 1124 619 1173 fata
646 1124 872 1189 deploras
896 1131 997 1173 tua.

692 1263 1013 1312 FABVLA
1055 1263 1117 1311 X.

312 1351 545 1393 LVI-’vs
574 1351 666 1393 Etr
697 1352 975 1393 VVLPES
1004 1351 1251 1393 IVDIGE
1284 1352 1498 1398 SIMIO.

171 1435 480 1502 Quicumque
505 1438 641 1502 turpi
666 1437 840 1486 fraude
867 1437 1021 1487 semel
1045 1438 1279 1495 innotuit,

101 1506 264 1557 Etiam
290 1508 333 1556 si
357 1522 529 1556 verum
555 1507 700 1564 dicit,
730 1508 913 1556 amittit
935 1506 1102 1556 fidem.

101 1575 204 1626 Hoc
231 1576 503 1627 adtestatur
528 1576 696 1626 brevis
720 1577 900 1642 Aesopi
930 1575 1114 1627 fabula.

170 1645 340 1711 Lupus
366 1646 605 1711 arguebat
630 1647 829 1712 vulpem
845 1647 971 1697 furti
996 1649 1238 1705 crimine;

101 1715 322 1779 Negabat
345 1717 429 1766 illa
453 1731 506 1766 se
533 1732 643 1767 esse
669 1717 842 1782 culpae
866 1719 1159 1783 proximam.

101 1786 241 1835 Tunc
266 1786 415 1836 iudex
439 1788 571 1836 inter
595 1787 708 1837 illos
734 1787 865 1838 sedit
887 1789 1080 1837 simiuS.

100 1855 320 1921 Uterque
346 1871 545 1906 causam
571 1872 685 1906 cum
708 1864 1027 1921 perorassent
1053 1872 1206 1915 suam,

98 1924 292 1975 Dixisse
318 1927 480 1976 fertur
505 1927 682 1976 simius
706 1928 1028 1976 sententIam:

99 1993 175 2044 Tu
199 2010 298 2045 non
323 1995 508 2045 videris
534 1995 814 2061 perdidisse
840 1995 971 2061 quod
997 1997 1152 2061 petis;

99 2063 170 2114 Te
196 2065 346 2114 credo
371 2065 683 2131 subripuisse
709 2066 839 2131 quod
864 2065 1071 2131 pulchre
1097 2079 1266 2129 negas,

681 2206 1003 2254 FABVLA
1040 2206 1127 2254 XI.

410 2293 667 2335 ASINVS
697 2294 788 2335 ET
819 2294 956 2335 LEO
986 2293 1384 2338 VENANTES.

166 2378 376 2428 Virtutis
402 2393 579 2444 expers
603 2378 772 2428 verbis
796 2380 984 2428 iactans
1009 2378 1216 2443 gloriam

98 2447 293 2510 Ignotos
318 2448 469 2505 fallit,
498 2450 626 2497 notis
653 2454 728 2497 est
751 2448 956 2499 derisui.

165 2518 346 2568 Venari
374 2517 523 2567 asello
549 2519 727 2567 comite
754 2533 868 2568 cum
890 2518 1036 2567 vellet
1061 2519 1155 2574 leo,

96 2586 321 2636 Contexit
345 2587 484 2637 illum
508 2588 689 2637 frutice
716 2594 766 2637 et
790 2588 1044 2637 admonuit
1068 2588 1229 2645 simul,

96 2655 160 2707 Ut
182 2658 377 2707 insueta
403 2672 521 2707 voce
548 2664 762 2707 terreret
791 2658 941 2714 feraS,

97 2724 361 2789 Fugientes
385 2727 491 2791 ipse
519 2729 788 2792 exciperet.
839 2727 932 2776 Hic
958 2726 1200 2777 auritulus

94 2794 368 2845 Clamorem
394 2795 557 2846 subito
582 2799 699 2847 totis
725 2796 852 2848 tollit
875 2796 1064 2846 viribus

95 2863 327 2932 Novoque
352 2865 521 2916 turbat
545 2866 729 2916 bestias
753 2867 1010 2916 miraculo.

1654 1127 1710 1170 10

1649 2070 1706 2112 10
