<?xml version="1.0" encoding="UTF-8"?>
<!DOCTYPE html PUBLIC "-//W3C//DTD XHTML 1.0 Transitional//EN"
    "http://www.w3.org/TR/xhtml1/DTD/xhtml1-transitional.dtd">
<html xmlns="http://www.w3.org/1999/xhtml" xml:lang="en" lang="en">
 <head>
  <title>
</title>
<meta http-equiv="Content-Type" content="text/html;charset=utf-8" />
  <meta name='ocr-system' content='tesseract 3.04.00' />
  <meta name='ocr-capabilities' content='ocr_page ocr_carea ocr_par ocr_line ocrx_word'/>
</head>
<body>
  <div class='ocr_page' id='page_1' title='image "./phaedriaugustili00phaeuoft_0069.png"; bbox 0 0 1940 3072; ppageno 0'>
   <div class='ocr_carea' id='block_1_1' title="bbox 547 153 1201 202">
    <p class='ocr_par' dir='ltr' id='par_1_1' title="bbox 547 153 1201 202">
     <span class='ocr_line' id='line_1_1' title="bbox 547 153 1201 202; baseline 0.003 -3"><span class='ocrx_word' id='word_1_1' title='bbox 547 154 729 199; x_wconf 84' lang='lat' dir='ltr'>LIBER</span> <span class='ocrx_word' id='word_1_2' title='bbox 763 154 821 200; x_wconf 92' lang='lat' dir='ltr'><strong>V.</strong></span> <span class='ocrx_word' id='word_1_3' title='bbox 879 153 1201 202; x_wconf 57' lang='lat' dir='ltr'>APPENDlxg</span> 
     </span>
    </p>
   </div>
   <div class='ocr_carea' id='block_1_2' title="bbox 690 279 1115 330">
    <p class='ocr_par' dir='ltr' id='par_1_2' title="bbox 690 279 1115 330">
     <span class='ocr_line' id='line_1_2' title="bbox 690 279 1115 330; baseline 0.005 -2"><span class='ocrx_word' id='word_1_4' title='bbox 690 279 1011 330; x_wconf 87' lang='lat' dir='ltr'><strong>FABVLA</strong></span> <span class='ocrx_word' id='word_1_5' title='bbox 1046 281 1115 330; x_wconf 89' lang='lat' dir='ltr'><strong>H.</strong></span> 
     </span>
    </p>
   </div>
   <div class='ocr_carea' id='block_1_3' title="bbox 471 362 1328 487">
    <p class='ocr_par' dir='ltr' id='par_1_3' title="bbox 471 362 1328 487">
     <span class='ocr_line' id='line_1_3' title="bbox 749 362 1050 405; baseline 0.01 -3"><span class='ocrx_word' id='word_1_6' title='bbox 749 362 1050 405; x_wconf 71' lang='lat' dir='ltr'>AVCTOR.</span> 
     </span>
     <span class='ocr_line' id='line_1_4' title="bbox 471 427 1328 487; baseline 0.002 -14"><span class='ocrx_word' id='word_1_7' title='bbox 471 427 578 473; x_wconf 81' lang='lat' dir='ltr'><strong>Non</strong></span> <span class='ocrx_word' id='word_1_8' title='bbox 608 442 709 474; x_wconf 87' lang='lat' dir='ltr'><strong>esse</strong></span> <span class='ocrx_word' id='word_1_9' title='bbox 738 428 845 485; x_wconf 84' lang='lat' dir='ltr'><strong>plus</strong></span> <span class='ocrx_word' id='word_1_10' title='bbox 875 443 1026 485; x_wconf 84' lang='lat' dir='ltr'><strong>aequo</strong></span> <span class='ocrx_word' id='word_1_11' title='bbox 1056 429 1328 487; x_wconf 81' lang='lat' dir='ltr'><strong>petendum.</strong></span> 
     </span>
    </p>
   </div>
   <div class='ocr_carea' id='block_1_4' title="bbox 87 501 1390 1483">
    <p class='ocr_par' dir='ltr' id='par_1_4' title="bbox 87 501 1390 1483">
     <span class='ocr_line' id='line_1_5' title="bbox 161 501 1044 553; baseline 0 0"><span class='ocrx_word' id='word_1_12' title='bbox 161 501 384 553; x_wconf 83' lang='lat' dir='ltr'>Arbitrio</span> <span class='ocrx_word' id='word_1_13' title='bbox 410 504 454 553; x_wconf 92' lang='lat' dir='ltr'><strong>si</strong></span> <span class='ocrx_word' id='word_1_14' title='bbox 478 509 659 552; x_wconf 91' lang='lat' dir='ltr'><strong>natura</strong></span> <span class='ocrx_word' id='word_1_15' title='bbox 682 503 910 552; x_wconf 86' lang='lat' dir='ltr'><strong>finxisset</strong></span> <span class='ocrx_word' id='word_1_16' title='bbox 932 519 1044 553; x_wconf 91' lang='lat' dir='ltr'><strong>meo</strong></span> 
     </span>
     <span class='ocr_line' id='line_1_6' title="bbox 95 573 1185 636; baseline 0.001 -13"><span class='ocrx_word' id='word_1_17' title='bbox 95 573 262 623; x_wconf 89' lang='lat' dir='ltr'><strong>Genus</strong></span> <span class='ocrx_word' id='word_1_18' title='bbox 286 573 522 631; x_wconf 85' lang='lat' dir='ltr'><strong>mortale,</strong></span> <span class='ocrx_word' id='word_1_19' title='bbox 548 573 695 636; x_wconf 90' lang='lat' dir='ltr'><strong>longe</strong></span> <span class='ocrx_word' id='word_1_20' title='bbox 719 573 849 622; x_wconf 88' lang='lat' dir='ltr'><strong>foret</strong></span> <span class='ocrx_word' id='word_1_21' title='bbox 871 574 1185 624; x_wconf 87' lang='lat' dir='ltr'><strong>instructius:</strong></span> 
     </span>
     <span class='ocr_line' id='line_1_7' title="bbox 92 642 1226 705; baseline 0 -12"><span class='ocrx_word' id='word_1_22' title='bbox 92 643 218 693; x_wconf 89' lang='lat' dir='ltr'><strong>Nam</strong></span> <span class='ocrx_word' id='word_1_23' title='bbox 242 650 420 694; x_wconf 90' lang='lat' dir='ltr'><strong>cuncta</strong></span> <span class='ocrx_word' id='word_1_24' title='bbox 447 642 592 693; x_wconf 90' lang='lat' dir='ltr'><strong>nobis</strong></span> <span class='ocrx_word' id='word_1_25' title='bbox 617 642 931 705; x_wconf 69' lang='lat' dir='ltr'><strong>attribuisset</strong></span> <span class='ocrx_word' id='word_1_26' title='bbox 955 644 1226 702; x_wconf 89' lang='lat' dir='ltr'><strong>commoda,</strong></span> 
     </span>
     <span class='ocr_line' id='line_1_8' title="bbox 90 713 1390 780; baseline 0 -17"><span class='ocrx_word' id='word_1_27' title='bbox 90 713 441 780; x_wconf 84' lang='lat' dir='ltr'><strong>Quaecumque</strong></span> <span class='ocrx_word' id='word_1_28' title='bbox 465 713 728 776; x_wconf 83' lang='lat' dir='ltr'>indulgens</span> <span class='ocrx_word' id='word_1_29' title='bbox 755 714 975 764; x_wconf 78' lang='lat' dir='ltr'><strong>Fortuna</strong></span> <span class='ocrx_word' id='word_1_30' title='bbox 1001 714 1203 764; x_wconf 90' lang='lat' dir='ltr'><strong>animali</strong></span> <span class='ocrx_word' id='word_1_31' title='bbox 1229 713 1390 764; x_wconf 82' lang='lat' dir='ltr'>dedit:</span> 
     </span>
     <span class='ocr_line' id='line_1_9' title="bbox 88 783 1069 849; baseline 0.001 -16"><span class='ocrx_word' id='word_1_32' title='bbox 88 783 353 849; x_wconf 84' lang='lat' dir='ltr'><strong>Elephanti</strong></span> <span class='ocrx_word' id='word_1_33' title='bbox 378 786 540 842; x_wconf 84' lang='lat' dir='ltr'><strong>vireS‚</strong></span> <span class='ocrx_word' id='word_1_34' title='bbox 568 789 619 833; x_wconf 88' lang='lat' dir='ltr'><strong>et</strong></span> <span class='ocrx_word' id='word_1_35' title='bbox 642 784 803 833; x_wconf 89' lang='lat' dir='ltr'><strong>leonis</strong></span> <span class='ocrx_word' id='word_1_36' title='bbox 828 785 1069 849; x_wconf 89' lang='lat' dir='ltr'><strong>inpetum,</strong></span> 
     </span>
     <span class='ocr_line' id='line_1_10' title="bbox 90 852 1132 918; baseline -0.001 -14"><span class='ocrx_word' id='word_1_37' title='bbox 90 854 314 904; x_wconf 91' lang='lat' dir='ltr'><strong>Cornicis</strong></span> <span class='ocrx_word' id='word_1_38' title='bbox 340 868 539 912; x_wconf 85' lang='lat' dir='ltr'><strong>aevum,</strong></span> <span class='ocrx_word' id='word_1_39' title='bbox 566 852 776 918; x_wconf 86' lang='lat' dir='ltr'>gloriam</span> <span class='ocrx_word' id='word_1_40' title='bbox 800 855 934 905; x_wconf 90' lang='lat' dir='ltr'><strong>tauri</strong></span> <span class='ocrx_word' id='word_1_41' title='bbox 957 856 1132 911; x_wconf 85' lang='lat' dir='ltr'><strong>trucis,</strong></span> 
     </span>
     <span class='ocr_line' id='line_1_11' title="bbox 87 922 1166 990; baseline 0 -17"><span class='ocrx_word' id='word_1_42' title='bbox 87 922 218 990; x_wconf 90' lang='lat' dir='ltr'>Equi</span> <span class='ocrx_word' id='word_1_43' title='bbox 242 924 424 975; x_wconf 86' lang='lat' dir='ltr'><strong>velocis</strong></span> <span class='ocrx_word' id='word_1_44' title='bbox 447 924 696 990; x_wconf 82' lang='lat' dir='ltr'>placidam</span> <span class='ocrx_word' id='word_1_45' title='bbox 719 923 1166 982; x_wconf 89' lang='lat' dir='ltr'><strong>mansuetudinem,</strong></span> 
     </span>
     <span class='ocr_line' id='line_1_12' title="bbox 87 993 1153 1045; baseline 0 -1"><span class='ocrx_word' id='word_1_46' title='bbox 87 993 151 1044; x_wconf 90' lang='lat' dir='ltr'><strong>Et</strong></span> <span class='ocrx_word' id='word_1_47' title='bbox 176 994 372 1045; x_wconf 84' lang='lat' dir='ltr'><strong>adesset</strong></span> <span class='ocrx_word' id='word_1_48' title='bbox 395 994 586 1045; x_wconf 92' lang='lat' dir='ltr'><strong>homini</strong></span> <span class='ocrx_word' id='word_1_49' title='bbox 611 1009 702 1045; x_wconf 93' lang='lat' dir='ltr'><strong>sua</strong></span> <span class='ocrx_word' id='word_1_50' title='bbox 724 999 892 1044; x_wconf 91' lang='lat' dir='ltr'><strong>tamen</strong></span> <span class='ocrx_word' id='word_1_51' title='bbox 916 993 1153 1044; x_wconf 89' lang='lat' dir='ltr'><strong>sollertia.</strong></span> 
     </span>
     <span class='ocr_line' id='line_1_13' title="bbox 88 1063 1188 1130; baseline 0.001 -17"><span class='ocrx_word' id='word_1_52' title='bbox 88 1063 336 1115; x_wconf 89' lang='lat' dir='ltr'>Nimirum</span> <span class='ocrx_word' id='word_1_53' title='bbox 359 1066 414 1115; x_wconf 92' lang='lat' dir='ltr'><strong>in</strong></span> <span class='ocrx_word' id='word_1_54' title='bbox 438 1064 575 1115; x_wconf 89' lang='lat' dir='ltr'><strong>caelo</strong></span> <span class='ocrx_word' id='word_1_55' title='bbox 600 1079 770 1115; x_wconf 91' lang='lat' dir='ltr'><strong>secum</strong></span> <span class='ocrx_word' id='word_1_56' title='bbox 792 1065 924 1114; x_wconf 92' lang='lat' dir='ltr'><strong>ridet</strong></span> <span class='ocrx_word' id='word_1_57' title='bbox 947 1064 1188 1130; x_wconf 88' lang='lat' dir='ltr'><strong>Iuppiter,</strong></span> 
     </span>
     <span class='ocr_line' id='line_1_14' title="bbox 87 1134 1306 1200; baseline 0.002 -17"><span class='ocrx_word' id='word_1_58' title='bbox 87 1134 263 1199; x_wconf 89' lang='lat' dir='ltr'><strong>Magno</strong></span> <span class='ocrx_word' id='word_1_59' title='bbox 287 1135 411 1185; x_wconf 90' lang='lat' dir='ltr'><strong>haec</strong></span> <span class='ocrx_word' id='word_1_60' title='bbox 436 1135 644 1185; x_wconf 90' lang='lat' dir='ltr'><strong>consilio</strong></span> <span class='ocrx_word' id='word_1_61' title='bbox 669 1136 755 1200; x_wconf 91' lang='lat' dir='ltr'>qui</span> <span class='ocrx_word' id='word_1_62' title='bbox 780 1136 981 1198; x_wconf 88' lang='lat' dir='ltr'><strong>negavit</strong></span> <span class='ocrx_word' id='word_1_63' title='bbox 1004 1134 1306 1192; x_wconf 90' lang='lat' dir='ltr'><strong>hominibus,</strong></span> 
     </span>
     <span class='ocr_line' id='line_1_15' title="bbox 88 1204 1302 1271; baseline -0.001 -16"><span class='ocrx_word' id='word_1_64' title='bbox 88 1204 161 1255; x_wconf 88' lang='lat' dir='ltr'><strong>Ne</strong></span> <span class='ocrx_word' id='word_1_65' title='bbox 188 1211 439 1271; x_wconf 87' lang='lat' dir='ltr'><strong>sceptrum</strong></span> <span class='ocrx_word' id='word_1_66' title='bbox 463 1205 634 1255; x_wconf 92' lang='lat' dir='ltr'>mundi</span> <span class='ocrx_word' id='word_1_67' title='bbox 659 1211 862 1270; x_wconf 89' lang='lat' dir='ltr'><strong>raperet</strong></span> <span class='ocrx_word' id='word_1_68' title='bbox 885 1210 1054 1254; x_wconf 90' lang='lat' dir='ltr'><strong>nostra</strong></span> <span class='ocrx_word' id='word_1_69' title='bbox 1081 1205 1302 1254; x_wconf 88' lang='lat' dir='ltr'><strong>audacia.</strong></span> 
     </span>
     <span class='ocr_line' id='line_1_16' title="bbox 158 1275 1123 1339; baseline -0.002 -14"><span class='ocrx_word' id='word_1_70' title='bbox 158 1275 289 1339; x_wconf 91' lang='lat' dir='ltr'><strong>Ergo</strong></span> <span class='ocrx_word' id='word_1_71' title='bbox 316 1277 534 1325; x_wconf 89' lang='lat' dir='ltr'><strong>contenti</strong></span> <span class='ocrx_word' id='word_1_72' title='bbox 559 1290 769 1325; x_wconf 87' lang='lat' dir='ltr'><strong>munere</strong></span> <span class='ocrx_word' id='word_1_73' title='bbox 793 1276 969 1324; x_wconf 89' lang='lat' dir='ltr'><strong>invicti</strong></span> <span class='ocrx_word' id='word_1_74' title='bbox 993 1275 1123 1324; x_wconf 82' lang='lat' dir='ltr'><strong>Iovis</strong></span> 
     </span>
     <span class='ocr_line' id='line_1_17' title="bbox 88 1345 1087 1410; baseline -0.001 -15"><span class='ocrx_word' id='word_1_75' title='bbox 88 1345 272 1395; x_wconf 90' lang='lat' dir='ltr'>Fatalis</span> <span class='ocrx_word' id='word_1_76' title='bbox 297 1360 452 1395; x_wconf 90' lang='lat' dir='ltr'><strong>annos</strong></span> <span class='ocrx_word' id='word_1_77' title='bbox 476 1345 802 1396; x_wconf 84' lang='lat' dir='ltr'><strong>decurramus</strong></span> <span class='ocrx_word' id='word_1_78' title='bbox 826 1347 1087 1410; x_wconf 83' lang='lat' dir='ltr'><strong>temporiS‚</strong></span> 
     </span>
     <span class='ocr_line' id='line_1_18' title="bbox 89 1414 1221 1483; baseline -0.002 -17"><span class='ocrx_word' id='word_1_79' title='bbox 89 1415 193 1467; x_wconf 88' lang='lat' dir='ltr'><strong>Nec</strong></span> <span class='ocrx_word' id='word_1_80' title='bbox 216 1415 328 1483; x_wconf 85' lang='lat' dir='ltr'><strong>plus</strong></span> <span class='ocrx_word' id='word_1_81' title='bbox 352 1430 590 1465; x_wconf 91' lang='lat' dir='ltr'><strong>conemur</strong></span> <span class='ocrx_word' id='word_1_82' title='bbox 615 1430 764 1481; x_wconf 86' lang='lat' dir='ltr'><strong>quam</strong></span> <span class='ocrx_word' id='word_1_83' title='bbox 787 1416 908 1465; x_wconf 88' lang='lat' dir='ltr'><strong>sinit</strong></span> <span class='ocrx_word' id='word_1_84' title='bbox 932 1414 1221 1465; x_wconf 79' lang='lat' dir='ltr'><strong>mortalitas,</strong></span> 
     </span>
    </p>
   </div>
   <div class='ocr_carea' id='block_1_5' title="bbox 665 1528 1118 1578">
    <p class='ocr_par' dir='ltr' id='par_1_5' title="bbox 665 1528 1118 1578">
     <span class='ocr_line' id='line_1_19' title="bbox 665 1528 1118 1578; baseline -0.002 -1"><span class='ocrx_word' id='word_1_85' title='bbox 665 1528 988 1578; x_wconf 86' lang='lat' dir='ltr'><strong>FABVLA</strong></span> <span class='ocrx_word' id='word_1_86' title='bbox 1023 1528 1118 1577; x_wconf 82' lang='grc' dir='ltr'><strong>ΙΠ.</strong></span> 
     </span>
    </p>
   </div>
   <div class='ocr_carea' id='block_1_6' title="bbox 301 1609 1479 1655">
    <p class='ocr_par' dir='ltr' id='par_1_6' title="bbox 301 1609 1479 1655">
     <span class='ocr_line' id='line_1_20' title="bbox 301 1609 1479 1655; baseline 0.002 -3"><span class='ocrx_word' id='word_1_87' title='bbox 301 1609 720 1652; x_wconf 78' lang='lat' dir='ltr'><strong>MERGVRIVS</strong></span> <span class='ocrx_word' id='word_1_88' title='bbox 748 1610 841 1652; x_wconf 77' lang='grc' dir='ltr'><strong>ΕΤ</strong></span> <span class='ocrx_word' id='word_1_89' title='bbox 870 1610 1066 1652; x_wconf 76' lang='lat' dir='ltr'>DVAE</span> <span class='ocrx_word' id='word_1_90' title='bbox 1095 1610 1479 1655; x_wconf 77' lang='lat' dir='ltr'><strong>MVLIERES.</strong></span> 
     </span>
    </p>
   </div>
   <div class='ocr_carea' id='block_1_7' title="bbox 592 1676 1199 1723">
    <p class='ocr_par' dir='ltr' id='par_1_7' title="bbox 592 1676 1199 1723">
     <span class='ocr_line' id='line_1_21' title="bbox 592 1676 1199 1723; baseline -0.002 -1"><span class='ocrx_word' id='word_1_91' title='bbox 592 1677 662 1723; x_wconf 86' lang='lat' dir='ltr'><strong>De</strong></span> <span class='ocrx_word' id='word_1_92' title='bbox 693 1676 858 1723; x_wconf 81' lang='lat' dir='ltr'><strong>eodem</strong></span> <span class='ocrx_word' id='word_1_93' title='bbox 888 1676 984 1723; x_wconf 80' lang='lat' dir='ltr'><strong>alia</strong></span> <span class='ocrx_word' id='word_1_94' title='bbox 1009 1677 1199 1723; x_wconf 79' lang='lat' dir='ltr'><strong>fabella.</strong></span> 
     </span>
    </p>
   </div>
   <div class='ocr_carea' id='block_1_8' title="bbox 88 1751 1426 2939">
    <p class='ocr_par' dir='ltr' id='par_1_8' title="bbox 88 1751 1426 2939">
     <span class='ocr_line' id='line_1_22' title="bbox 158 1751 1258 1817; baseline 0.001 -16"><span class='ocrx_word' id='word_1_95' title='bbox 158 1751 459 1802; x_wconf 85' lang='lat' dir='ltr'><strong>Mercurium</strong></span> <span class='ocrx_word' id='word_1_96' title='bbox 483 1751 701 1817; x_wconf 91' lang='lat' dir='ltr'><strong>hospitio</strong></span> <span class='ocrx_word' id='word_1_97' title='bbox 726 1753 965 1802; x_wconf 91' lang='lat' dir='ltr'><strong>mulieres</strong></span> <span class='ocrx_word' id='word_1_98' title='bbox 991 1751 1108 1801; x_wconf 93' lang='lat' dir='ltr'><strong>olim</strong></span> <span class='ocrx_word' id='word_1_99' title='bbox 1134 1751 1258 1802; x_wconf 92' lang='lat' dir='ltr'><strong>duae</strong></span> 
     </span>
     <span class='ocr_line' id='line_1_23' title="bbox 88 1822 987 1887; baseline -0.001 -15"><span class='ocrx_word' id='word_1_100' title='bbox 88 1822 345 1872; x_wconf 89' lang='lat' dir='ltr'><strong>lnliberali</strong></span> <span class='ocrx_word' id='word_1_101' title='bbox 371 1829 421 1872; x_wconf 92' lang='lat' dir='ltr'><strong>et</strong></span> <span class='ocrx_word' id='word_1_102' title='bbox 444 1822 646 1871; x_wconf 92' lang='lat' dir='ltr'><strong>sordido</strong></span> <span class='ocrx_word' id='word_1_103' title='bbox 668 1827 987 1887; x_wconf 87' lang='lat' dir='ltr'><strong>receperant:</strong></span> 
     </span>
     <span class='ocr_line' id='line_1_24' title="bbox 89 1890 1337 1957; baseline -0.002 -14"><span class='ocrx_word' id='word_1_104' title='bbox 89 1892 308 1950; x_wconf 85' lang='lat' dir='ltr'><strong>Quarum</strong></span> <span class='ocrx_word' id='word_1_105' title='bbox 331 1907 430 1941; x_wconf 91' lang='lat' dir='ltr'><strong>una</strong></span> <span class='ocrx_word' id='word_1_106' title='bbox 453 1893 506 1941; x_wconf 92' lang='lat' dir='ltr'><strong>in</strong></span> <span class='ocrx_word' id='word_1_107' title='bbox 530 1893 673 1941; x_wconf 89' lang='lat' dir='ltr'><strong>cunis</strong></span> <span class='ocrx_word' id='word_1_108' title='bbox 697 1907 904 1957; x_wconf 89' lang='lat' dir='ltr'><strong>parvum</strong></span> <span class='ocrx_word' id='word_1_109' title='bbox 926 1890 1143 1941; x_wconf 88' lang='lat' dir='ltr'><strong>habebat</strong></span> <span class='ocrx_word' id='word_1_110' title='bbox 1166 1892 1337 1949; x_wconf 86' lang='lat' dir='ltr'>filium,</span> 
     </span>
     <span class='ocr_line' id='line_1_25' title="bbox 89 1960 1103 2028; baseline -0.003 -15"><span class='ocrx_word' id='word_1_111' title='bbox 89 1962 329 2021; x_wconf 86' lang='lat' dir='ltr'><strong>Quaestus</strong></span> <span class='ocrx_word' id='word_1_112' title='bbox 353 1960 581 2028; x_wconf 85' lang='lat' dir='ltr'><strong>placebat</strong></span> <span class='ocrx_word' id='word_1_113' title='bbox 604 1960 749 2012; x_wconf 87' lang='lat' dir='ltr'><strong>alteri</strong></span> <span class='ocrx_word' id='word_1_114' title='bbox 774 1963 1103 2012; x_wconf 90' lang='lat' dir='ltr'><strong>meretricius.</strong></span> 
     </span>
     <span class='ocr_line' id='line_1_26' title="bbox 88 2033 1189 2098; baseline -0.002 -15"><span class='ocrx_word' id='word_1_115' title='bbox 88 2033 220 2098; x_wconf 91' lang='lat' dir='ltr'><strong>Ergo</strong></span> <span class='ocrx_word' id='word_1_116' title='bbox 243 2038 300 2082; x_wconf 95' lang='lat' dir='ltr'><strong>ut</strong></span> <span class='ocrx_word' id='word_1_117' title='bbox 323 2033 543 2082; x_wconf 88' lang='lat' dir='ltr'><strong>referret</strong></span> <span class='ocrx_word' id='word_1_118' title='bbox 566 2034 775 2096; x_wconf 87' lang='lat' dir='ltr'><strong>gratiam</strong></span> <span class='ocrx_word' id='word_1_119' title='bbox 800 2033 978 2081; x_wconf 87' lang='lat' dir='ltr'><strong>officiis</strong></span> <span class='ocrx_word' id='word_1_120' title='bbox 1002 2047 1189 2097; x_wconf 86' lang='lat' dir='ltr'><strong>parem,</strong></span> 
     </span>
     <span class='ocr_line' id='line_1_27' title="bbox 89 2102 1090 2154; baseline -0.004 0"><span class='ocrx_word' id='word_1_121' title='bbox 89 2103 327 2154; x_wconf 85' lang='lat' dir='ltr'><strong>Abiturus</strong></span> <span class='ocrx_word' id='word_1_122' title='bbox 352 2108 401 2153; x_wconf 88' lang='lat' dir='ltr'><strong>et</strong></span> <span class='ocrx_word' id='word_1_123' title='bbox 424 2104 524 2152; x_wconf 91' lang='lat' dir='ltr'>iam</span> <span class='ocrx_word' id='word_1_124' title='bbox 549 2102 702 2152; x_wconf 94' lang='lat' dir='ltr'><strong>limen</strong></span> <span class='ocrx_word' id='word_1_125' title='bbox 728 2102 972 2152; x_wconf 88' lang='lat' dir='ltr'><strong>excedens</strong></span> <span class='ocrx_word' id='word_1_126' title='bbox 999 2103 1090 2150; x_wconf 91' lang='lat' dir='ltr'><strong>ait:</strong></span> 
     </span>
     <span class='ocr_line' id='line_1_28' title="bbox 88 2172 1158 2238; baseline -0.002 -15"><span class='ocrx_word' id='word_1_127' title='bbox 88 2174 247 2224; x_wconf 89' lang='lat' dir='ltr'><strong>Deum</strong></span> <span class='ocrx_word' id='word_1_128' title='bbox 271 2173 477 2231; x_wconf 79' lang='lat' dir='ltr'><strong>videtis3</strong></span> <span class='ocrx_word' id='word_1_129' title='bbox 504 2172 721 2222; x_wconf 88' lang='lat' dir='ltr'><strong>tribuam</strong></span> <span class='ocrx_word' id='word_1_130' title='bbox 747 2172 887 2222; x_wconf 91' lang='lat' dir='ltr'><strong>vobis</strong></span> <span class='ocrx_word' id='word_1_131' title='bbox 912 2174 1158 2238; x_wconf 82' lang='lat' dir='ltr'><strong>protinuS‚</strong></span> 
     </span>
     <span class='ocr_line' id='line_1_29' title="bbox 90 2242 1411 2308; baseline 0 -15"><span class='ocrx_word' id='word_1_132' title='bbox 90 2243 231 2302; x_wconf 88' lang='lat' dir='ltr'><strong>Quod</strong></span> <span class='ocrx_word' id='word_1_133' title='bbox 255 2258 479 2308; x_wconf 89' lang='lat' dir='ltr'><strong>quaeque</strong></span> <span class='ocrx_word' id='word_1_134' title='bbox 505 2245 705 2308; x_wconf 90' lang='lat' dir='ltr'><strong>optarit.</strong></span> <span class='ocrx_word' id='word_1_135' title='bbox 754 2242 911 2293; x_wconf 88' lang='lat' dir='ltr'><strong>Mater</strong></span> <span class='ocrx_word' id='word_1_136' title='bbox 935 2242 1230 2307; x_wconf 85' lang='lat' dir='ltr'><strong>suppliciter</strong></span> <span class='ocrx_word' id='word_1_137' title='bbox 1253 2250 1411 2306; x_wconf 87' lang='lat' dir='ltr'><strong>rogat,</strong></span> 
     </span>
     <span class='ocr_line' id='line_1_30' title="bbox 90 2313 1426 2378; baseline -0.001 -14"><span class='ocrx_word' id='word_1_138' title='bbox 90 2313 360 2364; x_wconf 90' lang='lat' dir='ltr'><strong>Barbatum</strong></span> <span class='ocrx_word' id='word_1_139' title='bbox 382 2319 439 2362; x_wconf 91' lang='lat' dir='ltr'><strong>ut</strong></span> <span class='ocrx_word' id='word_1_140' title='bbox 461 2313 625 2362; x_wconf 87' lang='lat' dir='ltr'><strong>videat</strong></span> <span class='ocrx_word' id='word_1_141' title='bbox 647 2319 816 2363; x_wconf 91' lang='lat' dir='ltr'><strong>natum</strong></span> <span class='ocrx_word' id='word_1_142' title='bbox 842 2328 988 2378; x_wconf 91' lang='lat' dir='ltr'><strong>quam</strong></span> <span class='ocrx_word' id='word_1_143' title='bbox 1013 2313 1231 2377; x_wconf 92' lang='lat' dir='ltr'><strong>primum</strong></span> <span class='ocrx_word' id='word_1_144' title='bbox 1256 2328 1426 2370; x_wconf 89' lang='lat' dir='ltr'><strong>suum;</strong></span> 
     </span>
     <span class='ocr_line' id='line_1_31' title="bbox 90 2382 1319 2448; baseline -0.002 -15"><span class='ocrx_word' id='word_1_145' title='bbox 90 2384 319 2441; x_wconf 87' lang='lat' dir='ltr'><strong>Moecha,</strong></span> <span class='ocrx_word' id='word_1_146' title='bbox 345 2389 401 2432; x_wconf 92' lang='lat' dir='ltr'><strong>ut</strong></span> <span class='ocrx_word' id='word_1_147' title='bbox 426 2389 660 2448; x_wconf 89' lang='lat' dir='ltr'><strong>sequatur</strong></span> <span class='ocrx_word' id='word_1_148' title='bbox 685 2398 794 2433; x_wconf 90' lang='lat' dir='ltr'><strong>sese</strong></span> <span class='ocrx_word' id='word_1_149' title='bbox 821 2382 1055 2448; x_wconf 92' lang='lat' dir='ltr'>quicquid</span> <span class='ocrx_word' id='word_1_150' title='bbox 1080 2384 1319 2446; x_wconf 90' lang='lat' dir='ltr'><strong>tetigerit.</strong></span> 
     </span>
     <span class='ocr_line' id='line_1_32' title="bbox 89 2453 1221 2511; baseline -0.002 -8"><span class='ocrx_word' id='word_1_151' title='bbox 89 2454 231 2503; x_wconf 90' lang='lat' dir='ltr'><strong>Volat</strong></span> <span class='ocrx_word' id='word_1_152' title='bbox 253 2453 552 2511; x_wconf 80' lang='lat' dir='ltr'><strong>MercuriuS‚</strong></span> <span class='ocrx_word' id='word_1_153' title='bbox 578 2454 710 2503; x_wconf 88' lang='lat' dir='ltr'><strong>intro</strong></span> <span class='ocrx_word' id='word_1_154' title='bbox 735 2454 947 2503; x_wconf 89' lang='lat' dir='ltr'><strong>redeunt</strong></span> <span class='ocrx_word' id='word_1_155' title='bbox 969 2454 1221 2502; x_wconf 92' lang='lat' dir='ltr'><strong>mulieres.</strong></span> 
     </span>
     <span class='ocr_line' id='line_1_33' title="bbox 91 2523 1021 2586; baseline -0.003 -12"><span class='ocrx_word' id='word_1_156' title='bbox 91 2523 335 2574; x_wconf 91' lang='lat' dir='ltr'><strong>Barbatus</strong></span> <span class='ocrx_word' id='word_1_157' title='bbox 359 2524 523 2573; x_wconf 85' lang='lat' dir='ltr'><strong>infans</strong></span> <span class='ocrx_word' id='word_1_158' title='bbox 549 2538 664 2573; x_wconf 90' lang='lat' dir='ltr'><strong>ecce</strong></span> <span class='ocrx_word' id='word_1_159' title='bbox 688 2525 882 2586; x_wconf 83' lang='lat' dir='ltr'><strong>vagitus</strong></span> <span class='ocrx_word' id='word_1_160' title='bbox 907 2525 1021 2572; x_wconf 89' lang='lat' dir='ltr'><strong>ciet.</strong></span> 
     </span>
     <span class='ocr_line' id='line_1_34' title="bbox 91 2592 1169 2649; baseline -0.003 -6"><span class='ocrx_word' id='word_1_161' title='bbox 91 2594 148 2644; x_wconf 90' lang='lat' dir='ltr'><strong>Id</strong></span> <span class='ocrx_word' id='word_1_162' title='bbox 172 2595 301 2643; x_wconf 89' lang='lat' dir='ltr'><strong>forte</strong></span> <span class='ocrx_word' id='word_1_163' title='bbox 326 2595 565 2642; x_wconf 88' lang='lat' dir='ltr'><strong>meretrix</strong></span> <span class='ocrx_word' id='word_1_164' title='bbox 590 2608 702 2642; x_wconf 92' lang='lat' dir='ltr'><strong>cum</strong></span> <span class='ocrx_word' id='word_1_165' title='bbox 726 2593 919 2642; x_wconf 91' lang='lat' dir='ltr'><strong>rideret</strong></span> <span class='ocrx_word' id='word_1_166' title='bbox 941 2592 1169 2649; x_wconf 88' lang='lat' dir='ltr'><strong>validius,</strong></span> 
     </span>
     <span class='ocr_line' id='line_1_35' title="bbox 92 2662 1092 2729; baseline -0.004 -15"><span class='ocrx_word' id='word_1_167' title='bbox 92 2664 250 2714; x_wconf 88' lang='lat' dir='ltr'><strong>Nares</strong></span> <span class='ocrx_word' id='word_1_168' title='bbox 274 2664 485 2729; x_wconf 88' lang='lat' dir='ltr'><strong>replevit</strong></span> <span class='ocrx_word' id='word_1_169' title='bbox 507 2663 710 2720; x_wconf 89' lang='lat' dir='ltr'><strong>humor,</strong></span> <span class='ocrx_word' id='word_1_170' title='bbox 737 2668 793 2712; x_wconf 86' lang='lat' dir='ltr'><strong>ut</strong></span> <span class='ocrx_word' id='word_1_171' title='bbox 816 2664 926 2712; x_wconf 87' lang='lat' dir='ltr'><strong>fieri</strong></span> <span class='ocrx_word' id='word_1_172' title='bbox 951 2662 1092 2711; x_wconf 90' lang='lat' dir='ltr'><strong>solet.</strong></span> 
     </span>
     <span class='ocr_line' id='line_1_36' title="bbox 92 2732 1222 2797; baseline -0.003 -14"><span class='ocrx_word' id='word_1_173' title='bbox 92 2734 374 2797; x_wconf 85' lang='lat' dir='ltr'><strong>Emungere</strong></span> <span class='ocrx_word' id='word_1_174' title='bbox 399 2735 554 2796; x_wconf 90' lang='lat' dir='ltr'><strong>igitur</strong></span> <span class='ocrx_word' id='word_1_175' title='bbox 579 2749 631 2782; x_wconf 90' lang='lat' dir='ltr'><strong>se</strong></span> <span class='ocrx_word' id='word_1_176' title='bbox 660 2733 827 2782; x_wconf 88' lang='lat' dir='ltr'><strong>volens</strong></span> <span class='ocrx_word' id='word_1_177' title='bbox 852 2732 1053 2797; x_wconf 90' lang='lat' dir='ltr'><strong>prendit</strong></span> <span class='ocrx_word' id='word_1_178' title='bbox 1075 2747 1222 2780; x_wconf 88' lang='lat' dir='ltr'><strong>manu</strong></span> 
     </span>
     <span class='ocr_line' id='line_1_37' title="bbox 94 2802 1187 2869; baseline -0.003 -17"><span class='ocrx_word' id='word_1_179' title='bbox 94 2803 363 2869; x_wconf 86' lang='lat' dir='ltr'><strong>Traxitque</strong></span> <span class='ocrx_word' id='word_1_180' title='bbox 387 2803 448 2852; x_wconf 94' lang='lat' dir='ltr'><strong>ad</strong></span> <span class='ocrx_word' id='word_1_181' title='bbox 471 2809 658 2853; x_wconf 89' lang='lat' dir='ltr'><strong>terram</strong></span> <span class='ocrx_word' id='word_1_182' title='bbox 683 2805 790 2852; x_wconf 88' lang='lat' dir='ltr'><strong>nasi</strong></span> <span class='ocrx_word' id='word_1_183' title='bbox 815 2802 1187 2866; x_wconf 82' lang='lat' dir='ltr'><strong>longitudinem,</strong></span> 
     </span>
     <span class='ocr_line' id='line_1_38' title="bbox 94 2873 1116 2939; baseline -0.003 -16"><span class='ocrx_word' id='word_1_184' title='bbox 94 2873 157 2924; x_wconf 91' lang='lat' dir='ltr'><strong>Et</strong></span> <span class='ocrx_word' id='word_1_185' title='bbox 181 2873 325 2923; x_wconf 89' lang='lat' dir='ltr'><strong>aliam</strong></span> <span class='ocrx_word' id='word_1_186' title='bbox 349 2873 521 2923; x_wconf 90' lang='lat' dir='ltr'><strong>ridens</strong></span> <span class='ocrx_word' id='word_1_187' title='bbox 546 2875 654 2939; x_wconf 90' lang='lat' dir='ltr'><strong>ipsa</strong></span> <span class='ocrx_word' id='word_1_188' title='bbox 679 2873 887 2922; x_wconf 88' lang='lat' dir='ltr'><strong>ridenda</strong></span> <span class='ocrx_word' id='word_1_189' title='bbox 913 2873 1116 2921; x_wconf 85' lang='lat' dir='ltr'><strong>exstitit.</strong></span> 
     </span>
    </p>
   </div>
   <div class='ocr_carea' id='block_1_9' title="bbox 1280 2953 1356 3005">
    <p class='ocr_par' dir='ltr' id='par_1_9' title="bbox 1280 2953 1356 3005">
     <span class='ocr_line' id='line_1_39' title="bbox 1280 2953 1356 3005; baseline 0 -21"><span class='ocrx_word' id='word_1_190' title='bbox 1280 2953 1356 3005; x_wconf 65' lang='lat'><strong>42⁴5&lt;</strong></span> 
     </span>
    </p>
   </div>
   <div class='ocr_carea' id='block_1_10' title="bbox 1635 155 1703 210">
    <p class='ocr_par' dir='ltr' id='par_1_10' title="bbox 1635 155 1703 210">
     <span class='ocr_line' id='line_1_40' title="bbox 1635 155 1703 210; baseline -0.015 0"><span class='ocrx_word' id='word_1_191' title='bbox 1635 155 1703 210; x_wconf 85' lang='lat'><strong>51</strong></span> 
     </span>
    </p>
   </div>
   <div class='ocr_carea' id='block_1_11' title="bbox 1644 1142 1702 1187">
    <p class='ocr_par' dir='ltr' id='par_1_11' title="bbox 1644 1142 1702 1187">
     <span class='ocr_line' id='line_1_41' title="bbox 1644 1142 1702 1187; baseline -0.034 0"><span class='ocrx_word' id='word_1_192' title='bbox 1644 1142 1702 1187; x_wconf 86' lang='lat'><strong>10</strong></span> 
     </span>
    </p>
   </div>
   <div class='ocr_carea' id='block_1_12' title="bbox 1641 2388 1697 2430">
    <p class='ocr_par' dir='ltr' id='par_1_12' title="bbox 1641 2388 1697 2430">
     <span class='ocr_line' id='line_1_42' title="bbox 1641 2388 1697 2430; baseline 0 0"><span class='ocrx_word' id='word_1_193' title='bbox 1641 2388 1697 2430; x_wconf 89' lang='grc'><strong>10</strong></span> 
     </span>
    </p>
   </div>
   <div class='ocr_carea' id='block_1_13' title="bbox 1642 2738 1694 2780">
    <p class='ocr_par' dir='ltr' id='par_1_13' title="bbox 1642 2738 1694 2780">
     <span class='ocr_line' id='line_1_43' title="bbox 1642 2738 1694 2780; baseline 0.019 -1"><span class='ocrx_word' id='word_1_194' title='bbox 1642 2738 1694 2780; x_wconf 85' lang='grc'><strong>15</strong></span> 
     </span>
    </p>
   </div>
  </div>
 </body>
</html>
