1940 3072
766 133 947 179 LIBER
981 134 1061 180 111.

119 258 242 309 Nam
268 263 318 307 et
344 256 429 308 ubi
454 256 733 307 tricandum
759 263 809 307 et
832 257 920 308 ubi
945 258 1249 309 currendum
1272 260 1338 309 sit
1360 261 1483 310 scio.

190 329 290 378 Hac
315 327 533 377 derideri
557 326 723 378 fabula
747 329 929 378 merito
952 335 1130 394 potest,

115 396 214 455 Qui
239 399 345 447 sine
371 399 549 447 virtute
574 412 723 447 vanas
748 405 948 447 exercet
971 401 1146 448 minaS.

679 524 1000 573 FABVLA
1036 526 1149 573 VII.

542 605 803 647 LVPVS
846 606 950 648 AD
995 607 1287 650 CANEM.

187 676 343 735 Quam
368 676 526 726 dulcis
551 679 615 726 sit
638 676 867 734 libertas,
894 677 1113 726 breviter
1136 677 1419 743 proloquar.

117 748 241 798 Cani
266 753 496 812 perpasto
521 749 679 796 macie
706 748 959 796 confectus
982 747 1129 812 lupus

119 818 267 867 Forte
293 818 588 866 occucurrit.
639 816 766 866 Dein
792 816 1057 866 salutatum
1082 819 1298 867 invicem

117 888 177 937 Vt
201 888 514 936 restiterunt:
565 887 702 936 Vnde
728 888 826 944 sic,
854 902 1061 952 quaese,
1088 888 1251 936 nites?

116 957 214 1006 Aut
237 972 334 1022 quo
359 956 470 1006 cibo
494 957 658 1006 fecisti
685 962 876 1006 tantum
900 958 1157 1022 corporis?

117 1027 245 1090 Ego,
274 1028 361 1093 qui
387 1042 496 1076 sum
520 1026 664 1090 longe
689 1028 893 1085 fortior,
921 1042 1074 1092 pereo
1104 1028 1251 1077 fame.

116 1097 263 1146 Canis
288 1096 606 1161 simpliciter:
655 1096 842 1146 Eadem
867 1104 943 1147 est
967 1097 1190 1147 condicio
1216 1097 1326 1155 tibi,

116 1167 374 1216 Praestare
401 1166 600 1216 domino
625 1168 667 1215 si
693 1182 784 1231 par
808 1168 1026 1217 officium
1049 1173 1206 1232 potes,

112 1235 289 1294 Quod?
324 1237 486 1301 inquit
510 1236 609 1285 ille.
664 1236 838 1286 Custos
862 1243 917 1286 ut
942 1239 1012 1286 sis
1036 1237 1238 1293 liminis,

114 1308 156 1356 A
180 1305 374 1355 furibus
399 1307 587 1355 tuearis
612 1312 664 1355 et
686 1313 837 1356 noctu
862 1307 1078 1356 domum.

115 1376 220 1440 Ego
244 1391 362 1425 vero
388 1391 495 1424 sum
520 1381 746 1440 paratus:
785 1391 917 1425 nunc
942 1378 1106 1440 patior
1130 1378 1269 1426 nives

116 1445 406 1511 Imbresque
431 1447 487 1494 in
514 1445 649 1495 silvis
673 1461 898 1510 asperam
924 1448 1075 1496 vitam
1101 1446 1326 1496 trahens:

114 1515 307 1574 Quanto
333 1522 410 1565 est
433 1515 628 1565 facillus
654 1515 778 1565 mihi
805 1515 896 1565 sub
922 1522 1053 1565 tecto
1078 1518 1259 1572 vivere,

116 1586 178 1635 Et
202 1587 415 1635 otiosum
438 1585 576 1649 largo
601 1587 771 1635 satiari
796 1585 939 1635 cibo?

114 1655 239 1705 Veni
266 1670 383 1720 ergo
408 1670 617 1706 mecum.
670 1656 796 1705 Dum
820 1657 1117 1720 procedunt,
1146 1657 1326 1721 aspicit

115 1725 282 1790 Lupus
309 1741 336 1774 a
364 1731 538 1775 catena
562 1726 741 1775 collum
767 1726 1004 1776 detritum
1030 1728 1157 1776 cani.

113 1793 252 1844 Vnde
278 1795 395 1851 hoc,
425 1795 610 1844 amice?
661 1796 797 1845 Nihil
823 1803 914 1845 est.
965 1797 1078 1853 Dic,
1107 1811 1316 1861 quaeso,
1348 1808 1526 1844 tamen.

112 1863 239 1922 Quia
264 1865 434 1914 videor
459 1879 598 1922 acer,
626 1865 825 1928 alligant
849 1881 928 1914 me
954 1866 1186 1922 interdiu,

115 1934 248 1984 Luce
274 1941 330 1984 ut
357 1936 613 1999 quiescam
639 1941 688 1984 et
712 1935 938 1998 vigilem,
965 1951 1063 1984 nox
1089 1950 1199 1983 cum
1225 1937 1442 1983 venerit:

112 2004 414 2069 Crepusculo
440 2004 652 2061 solutus,
681 2020 777 2069 qua
802 2007 962 2054 visum
987 2010 1084 2061 est,
1112 2018 1277 2071 vagor.

113 2074 345 2123 Adfertur
370 2074 501 2124 ultro
525 2076 692 2139 panis;
721 2075 780 2123 de
807 2090 976 2123 mensa
1001 2090 1089 2124 sua

114 2143 207 2193 Dat
231 2159 342 2193 ossa
367 2144 621 2202 dominus;
647 2145 806 2194 frusta
831 2147 1015 2194 iactant
1039 2144 1225 2193 familia

115 2213 198 2270 Et,
226 2213 356 2279 quod
380 2214 573 2264 fastidit
597 2216 830 2279 quisque,
858 2214 1257 2279 pulmentarium.

114 2283 199 2332 Sic
225 2285 332 2332 sine
357 2283 526 2333 labore
551 2290 726 2333 venter
750 2284 968 2349 inpletur
991 2299 1147 2335 meus,

114 2354 241 2416 Age,
269 2352 407 2402 abire
434 2355 574 2419 siquo
601 2360 677 2403 est
703 2356 919 2411 animus,
948 2361 1023 2403 est
1048 2354 1279 2403 licentia?

112 2422 219 2471 Non
245 2422 388 2487 plane
415 2429 514 2481 est,
542 2425 722 2489 inquit.
774 2424 986 2480 Fruere,
1016 2440 1140 2489 quae
1166 2424 1362 2481 laudas,
1392 2424 1556 2472 canis:

113 2490 339 2555 Regnare
363 2493 503 2550 nolu,
530 2493 661 2542 liber
687 2500 741 2542 ut
766 2508 863 2542 non
889 2496 982 2542 sim
1009 2495 1145 2542 mihi.

665 2620 705 2667 F
718 2620 764 2667 A
773 2620 815 2667 B
828 2620 873 2666 V
883 2620 925 2668 L
937 2619 983 2667 A
1021 2620 1161 2667 VIII.

578 2700 809 2742 SOROR
835 2701 927 2742 ΕΤ
957 2699 1258 2742 FRATER.

186 2768 455 2834 Praecepto
480 2773 695 2820 monitus
721 2786 867 2835 saepe
897 2777 945 2820 te
973 2770 1246 2820 considera.

117 2837 341 2888 Habebat
364 2840 564 2904 quidam
588 2841 737 2890 filiam
764 2842 1102 2904 turpissimam

1646 133 1718 186 23

1665 335 1721 377 10

1666 1310 1721 1352 10

1666 1660 1718 1701 15

1660 2008 1718 2049 20

1660 2358 1717 2398 25
