1940 3072
273 91 412 190 62⁴*
507 100 510 101 ⁷
695 111 759 149 '.,
890 127 1108 211 MEDEA

380 261 564 313 Aeetis
588 261 810 313 immitis
834 260 1020 314 forsan
1042 260 1355 313 mactandus
1378 259 1447 312 ad
1471 277 1605 313 aras,
1860 304 1873 328 4
1917 312 1922 314 .

300 341 355 381 60
378 330 543 398 Eripe
569 330 843 399 captiuum
868 331 1103 383 retinent
1128 348 1286 399 quem
1311 329 1457 382 mille
1483 332 1715 399 catenae,
1792 341 1799 345 ²

382 399 538 452 Mitte
561 400 929 469 pharetratum
954 418 1195 469 puerum,
1221 418 1341 452 mea
1366 399 1578 469 CypriS‚
1604 402 1877 470 Amorem,-

130 471 181 512 D’·
205 471 260 512 ⁷9]
379 469 512 538 Igne
536 473 631 523 tuo
656 470 928 523 flammata
952 470 1106 523 cadat
1128 469 1419 523 furibunda
1440 470 1646 540 uiragO,
1726 522 1730 523 ⁷
1760 494 1763 495 ⁷
1918 528 1923 531 f

379 539 565 592 Discat
589 558 766 593 amare
789 540 956 609 furor,
981 540 1199 592 tandem
1224 540 1294 592 sit
1317 539 1513 592 blanda
1537 539 1796 609 sacci-dost,
1868 578 1873 583 -
1913 579 1918 582 -

380 609 602 678 Templa
623 611 962 678 pharetratae
988 613 1298 662 contemnat
1321 611 1476 679 uirgo
1496 609 1724 679 Dianae,

300 688 353 728 65
378 678 654 747 Despiciat
679 680 899 732 delubra
923 679 1065 733 deae.
1111 680 1240 733 licet
1263 680 1544 732 immemor
1559 682 1752 732 *exstet*

377 748 676 819 Religionis
702 769 852 802 amor
876 750 1101 802 timeant
1123 767 1222 802 nec
1245 749 1733 819 fulmenamantcS,

378 817 453 870 Te
480 819 649 871 solam
674 823 829 888 putet
853 837 965 872 esse
992 820 1158 887 deam,
1184 823 1237 872 te
1261 838 1463 872 numen
1488 819 1687 888 adoret,

378 886 453 939 Te
478 892 683 941 metuat
705 890 990 942 metuenda
1015 891 1149 957 deis,
1172 893 1225 942 te
1251 890 1450 942 iudicet
1474 907 1638 942 unam

379 955 550 1019 Quam
574 977 717 1011 mare
744 978 903 1028 quam
937 959 1096 1012 tellus
1122 978 1281 1028 quam
1315 959 1540 1012 numina
1575 961 1766 1012 cuncta
1798 958 1875 1011 fa-

437 1061 441 1064 -
1019 1046 1023 1049 ⁴
1197 1051 1199 1054 ¹
1451 1032 1634 1081 tentur
1891 1049 1895 1054 ·

296 1106 350 1146 70
372 1096 606 1165 Imperio
634 1099 871 1151 subiecta
895 1102 989 1150 tuo
1014 1117 1111 1168 per
1133 1099 1334 1167 templa
1358 1116 1455 1167 per
1478 1117 1596 1151 aras
1878 1151 1910 1170 ->

375 1166 508 1220 Esse
533 1168 873 1236 uoluptatum
899 1167 1194 1236 dominam,
1222 1187 1355 1236 quae
1381 1169 1541 1221 corda
1564 1169 1802 1237 parentis

375 1235 571 1289 Flectis
598 1241 652 1290 et
675 1242 892 1290 exutum
917 1238 1025 1291 telo
1053 1238 1311 1291 candente
1337 1238 1639 1291 Tonantem

375 1305 650 1374 Despiciat
673 1325 758 1359 me
785 1326 941 1376 saepe
966 1308 1116 1361 iubes
1140 1326 1240 1360 nec
1265 1311 1440 1361 castus
1465 1307 1753 1377 Olympum

374 1375 672 1445 Destituat‚
701 1377 771 1429 sit
794 1380 855 1429 ut
879 1378 1050 1430 imber
1075 1378 1217 1447 olor,
1244 1379 1531 1430 bacchetur
1555 1378 1776 1447 adulter,

295 1454 346 1494 75
372 1444 475 1497 Uel
503 1463 838 1515 quocumque
862 1465 1039 1499 meum
1064 1448 1265 1515 placuit
1288 1451 1494 1500 mutare
1519 1448 1787 1502 maritum.

373 1514 502 1567 Non
529 1534 747 1583 queror:
775 1517 1099 1569 Aesonidem
1124 1521 1335 1569 tantum
1359 1521 1484 1585 peto
1509 1518 1621 1569 filia
1645 1519 1787 1587 regis

373 1583 534 1637 Nunc
559 1590 701 1638 amet
725 1590 778 1639 et
803 1586 997 1655 laudet,
1024 1605 1150 1639 mox
1173 1587 1316 1639 hunc
1342 1588 1572 1656 suspiret
1597 1588 1815 1640 anhelet

376 1653 544 1715 Quem
568 1659 801 1708 mactare
825 1660 1002 1725 parat,
1029 1658 1205 1709 soluat
1230 1658 1435 1709 ceruice
1462 1661 1674 1710 catenas

374 1724 702 1793 Torpescens
727 1730 931 1778 armata
954 1745 1159 1795 manus,
1188 1728 1273 1781 cui
1298 1727 1516 1779 brachia
1541 1727 1737 1780 collum

293 1803 348 1843 80
375 1793 734 1863 Circumdent,
765 1800 812 1848 et
835 1814 1017 1849 mucro
1045 1796 1199 1849 cadat
1222 1798 1433 1850 ieiunus
1458 1799 1521 1849 ad
1551 1805 1704 1849 aras,²

372 1863 612 1917 Finierat
635 1869 882 1918 matrona
905 1866 1067 1919 Iouis.
1120 1868 1193 1919 sic
1220 1886 1340 1919 orsa
1364 1867 1568 1920 Dione:

375 1932 489 1986 ‘Me
517 1933 783 1987 Uenerem
807 1954 907 2005 me,
932 1935 1086 2004 111110,
1113 1936 1263 1989 decet
1286 1956 1387 2005 1116,
1406 1937 1603 1989 blanda
1620 1953 1870 2006 nouerca,

243 2046 270 2069 tx
371 2003 603 2072 Imperio
629 2023 814 2073 parere
839 2009 960 2058 tuo:
988 2006 1116 2075 quid
1138 2007 1295 2075 plura
1318 2006 1637 2075 loquemur?

302 2085 342 2127 κ
375 2072 617 2133 Oderunt
639 2092 759 2127 mea
784 2079 957 2129 castra
981 2083 1195 2128 moras?
1245 2077 1319 2129 sic
1344 2076 1457 2128 fata
1482 2076 1710 2145 Cythere

290 2152 343 2191 85
421 2144 591 2196 uaerit
617 2145 959 2197 amoriferum
986 2163 1081 2213 per
1103 2149 1219 2198 tota
1242 2146 1446 2198 rosaria
1470 2150 1671 2198 natum.

371 2211 418 2263 Il
495 2213 618 2265 deas
641 2215 797 2282 ponti
821 2215 930 2267 telo
957 2215 1264 2268 flammabat
1291 2216 1349 2267 in
1374 2215 1530 2267 undis
1636 2279 1638 2282 v

372 2281 628 2335 Maternis
655 2285 944 2337 submissus
970 2286 1137 2353 aquis,
1187 2284 1529 2354 Hymenaeus
1555 2285 1621 2338 ad
1645 2285 1798 2337 i]lum

371 2350 623 2405 Mittitur.
674 2353 798 2406 huic
825 2355 1015 2407 fluctus
1039 2354 1276 2423 produnt
1299 2355 1628 2408 fumantibus
1652 2354 1826 2407 undis,

378 2522 432 2560 59
464 2521 642 2562 Aeth‘os
678 2525 822 2563 uersuz'
857 2527 1125 2575 corruptelae
1163 2531 1264 2565 nota
1298 2527 1499 2576 praesicca
1527 2529 1592 2564 est
1704 2524 1757 2564 65
1789 2536 1867 2564 ex-

266 2578 360 2615 stat
389 2589 499 2618 corr.
533 2578 694 2621 Bueclz.
730 2592 861 2631 neque
894 2581 998 2619 enim
1028 2579 1140 2619 licet
1176 2583 1415 2632 particulae
1452 2581 1720 2620 indicatiuum
1750 2579 1863 2618 Dra-

265 2636 427 2672 contius
455 2633 664 2686 subiungit
692 2636 776 2673 uisi
803 2636 845 2674 in
864 2635 1079 2686 prioribus
1109 2636 1359 2676 carminibus
1380 2649 1486 2689 quae
1515 2636 1672 2686 puerili
1699 2636 1863 2674 calamo

265 2699 290 2725 a
318 2690 589 2738 grammatico
620 2701 695 2729 suo
716 2691 892 2729 nondum
913 2693 1019 2730 satis
1045 2693 1259 2742 perpolito
1289 2693 1512 2743 scripsisse
1542 2692 1708 2731 uidetur
1738 2696 1867 2742 acque
1926 2676 1940 2775 Ἀ

264 2741 372 2781 idem
402 2745 517 2783 cadit
546 2746 589 2784 in
610 2744 940 2787 deliberatiuam.
973 2745 1031 2797 cf.
1051 2745 1117 2784 IX
1137 2748 1218 2786 211
1249 2748 1335 2787 uid.
1356 2748 1533 2787 indicem
1618 2746 1671 2786 66
1701 2746 1864 2785 timent
1921 2779 1929 2785 .

264 2809 376 2838 corr.
412 2797 570 2842 Buech.
684 2802 739 2840 74
770 2801 1000 2841 Destituet
1030 2815 1143 2844 corr.
1166 2802 1323 2843 Bueeh.
1440 2803 1493 2843 75
1524 2802 1831 2853 quodcumque
1924 2789 1940 2869 ἶς

265 2852 317 2891 76
349 2853 595 2894 Esonidem
691 2856 743 2896 77
777 2857 965 2897 anhelat
1067 2858 1121 2898 88
1151 2857 1271 2898 hunc
1302 2857 1591 2902 eorr.Bueclz.
1754 2867 1756 2870 '
1924 2871 1940 2965 N

1931 3043 1940 3072 A
