1940 3072
791 13 797 25 ι
812 0 1260 33 -ffifflwflcsrwumwr-ra
1272 2 1286 11 ’-
1301 1 1313 6 ”
1376 2 1378 4 ·

699 17 894 49 ’,ν-*ξ”ὦἸὊ-,1
925 29 932 42 2
953 26 955 30 ⁴
980 31 986 41 Δ
1017 21 1033 40 ’ἶ
1054 21 1085 28 ”“’
1118 16 1146 29 ¹..
1191 32 1202 38 r
1296 18 1298 20 Ι

798 141 846 183 11
877 143 1015 184 1-59
1155 172 1158 174 ,
1197 121 1202 124 ’
1678 141 1711 194 3

217 263 390 335 Uirgo
415 264 568 318 ferox
593 282 746 334 sexu,
771 264 946 336 fugiet
971 266 1218 335 uiresque
1245 264 1458 318 fatiscet

20 394 30 401 b
119 343 194 398 *30'
213 334 291 389 Ut
319 335 459 388 solas
483 338 677 388 tractet
699 335 898 389 reiecta
922 336 1136 405 cuspide
1161 335 1328 389 lanas,

27 402 32 409 '
214 405 413 459 Noster
438 405 606 459 Sirius
633 409 714 458 est
737 405 909 459 ardor.
963 405 1248 475 Neptunus
1274 406 1532 459 anhelans

215 477 442 529 Aestuet
463 476 606 528 inter
631 493 795 544 aquas
818 476 928 529 telo
954 476 1260 529 flammante
1285 495 1380 545 per
1404 477 1574 529 undas
1589 519 1603 545 ,

213 546 346 616 Igne
370 563 490 599 meo
523 546 810 599 uincentur
835 565 1027 615 aquae,
1064 546 1396 599 fumantibus
1421 546 1579 598 undis

214 616 461 670 TrItones
488 617 736 684 Galatea,
763 616 961 669 Thetin
986 617 1262 685 delphines
1287 617 1569 670 amabunt:

131 697 185 738 35
213 686 483 755 Quidquid
507 687 698 739 fluctus
722 687 886 739 habet
911 690 1087 739 totum
1113 687 1373 739 succendo
1398 687 1683 755 pharetris.

214 756 364 825 Siue,
389 775 607 826 parenS,
636 760 788 825 optas
812 756 1057 809 homines
1082 757 1167 809 his
1191 757 1408 826 ignibus
1433 761 1581 810 ustos

214 827 459 880 Inlicitos
485 827 687 879 uiolare
711 830 858 880 toros
872 869 886 895 ,
913 830 974 879 ut
997 845 1109 879 non
1134 827 1225 895 pia
1249 827 1419 895 patris

215 897 411 950 Oscula
433 900 561 949 nata
583 899 733 965 petat
755 915 854 949 nec
879 900 1037 949 natus
1061 897 1246 949 matris
1272 900 1479 949 amator

211 966 382 1020 Dulce
406 967 558 1019 nefas
584 967 764 1035 cupiat
787 967 955 1019 frater
978 967 1239 1035 uitietque
1266 984 1505 1020 sororem

130 1048 186 1088 40
209 1038 576 1107 Priuignoque
603 1055 699 1089 suo
725 1037 960 1106 potiatur
983 1038 1180 1090 blanda
1204 1055 1462 1090 nouerca:

212 1108 366 1160 Alter
391 1108 492 1159 erit
515 1107 767 1160 Perdicca
790 1107 975 1159 furens
1000 1111 1159 1175 atque
1187 1108 1355 1160 altera
1379 1107 1625 1176 Myrrha,

210 1178 454 1247 Iuppiter
478 1178 612 1230 alter
638 1178 739 1230 erit
761 1178 916 1229 terris
943 1177 1005 1229 de
1031 1178 1195 1230 fratre
1222 1178 1463 1230 maritus,

211 1248 387 1300 Parua
410 1248 616 1316 loquor.
667 1251 821 1300 tauro
834 1290 847 1316 ,
874 1248 920 1299 si
945 1248 1186 1314 iusseris,
1214 1248 1382 1299 altera
1406 1248 1548 1318 regis

210 1318 540 1371 Flammetur
565 1319 760 1370 coniux
785 1317 1033 1370 reddetur
1058 1321 1112 1370 et
1137 1318 1305 1370 altera
1328 1317 1609 1370 Phaedra)

127 1398 182 1438 45
207 1390 284 1441 At
306 1388 392 1440 his
415 1388 558 1440 laeta
582 1387 767 1440 Uenus
793 1388 948 1440 uultu
973 1391 1178 1440 mutata
1198 1390 1464 1440 renarrat:

213 1458 494 1527 ‘Impubes
517 1458 715 1510 lasciue
741 1476 874 1527 puer
898 1459 984 1510 cui
1009 1458 1248 1510 subiacet
1273 1476 1431 1510 omne

213 1527 368 1590 Quod
391 1531 584 1580 natura
609 1532 775 1592 creat,
805 1528 1008 1580 caelum
1034 1547 1179 1580 marc
1206 1528 1379 1580 sidera
1402 1528 1591 1596 tellus,

209 1598 383 1653 Nemo
409 1601 563 1650 notet
582 1597 848 1651 Uenerem
870 1598 1014 1667 quod
1032 1599 1256 1667 supplex
1274 1601 1444 1650 mater
1464 1616 1707 1650 amorum

208 1668 360 1739 Ignis
386 1687 542 1737 opem
570 1669 632 1721 (16
657 1669 807 1737 prole
834 1672 1005 1738 rogat.
1065 1688 1190 1721 nam
1215 1687 1435 1720 munere
1461 1669 1519 1720 in
1543 1669 1648 1720 isto

127 1749 182 1789 50
209 1738 464 1800 Quamuis
484 1739 554 1791 sit
573 1740 870 1791 communis
888 1739 1064 1791 honor
1082 1742 1279 1806 tamen,
1301 1739 1452 1802 alme,
1475 1738 1708 1792 fatemur

217 1808 351 1861 Hinc
377 1827 577 1860 numen
602 1809 723 1877 plus
748 1827 902 1877 posse
927 1812 1096 1861 tuum.
1149 1809 1384 1861 lamenta
1407 1809 1647 1876 parentis

211 1878 268 1932 81
291 1879 469 1947 placet
492 1879 703 1947 ulcisci,
730 1879 912 1947 paucis
939 1880 1180 1945 aduerte,
1209 1879 1436 1931 docebo:

207 1949 596 2017 Nympharum,
616 1967 749 2017 puer
767 1950 918 2017 alme,
942 1949 1135 2001 chorus
1151 1949 1273 2000 dum
1291 1967 1458 2016 pensa
1473 1949 1708 2001 reuoluit

209 2019 375 2071 Penei
403 2021 500 2071 sub
526 2019 676 2071 fonte
704 2020 786 2071 sui
817 2050 871 2057 —-
903 2019 1069 2087 pudet
1095 2037 1184 2071 016
1210 2020 1408 2070 referre
1434 2050 1503 2057 —

128 2099 182 2139 55
210 2088 348 2142 Solis
375 2092 552 2141 amata
576 2090 720 2141 canit
746 2089 997 2156 Clymene
1023 2107 1141 2141 mea
1166 2089 1390 2140 crimina
1413 2088 1680 2157 Nymphis

208 2159 400 2228 Meque
423 2177 518 2212 suo
539 2178 788 2227 prensam
807 2159 1087 2227 Nymphas
1112 2162 1297 2212 monet
1321 2159 1494 2211 indice
1516 2158 1656 2227 Sole,

210 2228 545 2297 Uulcanique
572 2233 768 2282 sonant
796 2230 1008 2297 captiuo
1035 2229 1208 2282 Marte
1235 2233 1467 2282 catenas,

210 2297 340 2360 Quis
366 2300 547 2351 audire
572 2300 704 2352 libet
729 2300 791 2351 (16
815 2303 1000 2351 nostra
1026 2299 1171 2351 clade
1199 2302 1495 2352 canentem.

210 2368 312 2422 Sed
338 2369 381 2421 si
409 2368 471 2421 dc
497 2370 654 2422 nobis
684 2372 823 2422 certe
851 2372 1064 2421 cantare
1091 2370 1362 2438 placebat,

215 2485 268 2523 29
302 2483 477 2524 fatetur
498 2486 610 2537 quod
634 2486 761 2536 posui
783 2488 1000 2537 temptauit
1020 2485 1179 2525 Buecle.
1273 2487 1327 2525 30
1349 2484 1473 2524 solus
1499 2482 1503 2536 Ι
1528 2487 1706 2524 retecta

102 2541 154 2580 31
189 2540 333 2579 sireus
361 2538 367 2592 Ι
395 2544 556 2580 auctor
593 2554 707 2581 corr.
739 2540 896 2580 Bzceclz.
926 2539 932 2593 Ι
958 2542 1228 2593 Neptunnus
1354 2541 1406 2580 36
1449 2538 1498 2578 Si
1539 2552 1707 2591 parens

102 2596 276 2652 optaris
321 2598 591 2647 corruptelae
634 2598 793 2648 siynum
836 2598 979 2637 uersui
1023 2598 1327 2648 praepositum.
1394 2609 1506 2636 corr.
1547 2595 1706 2635 Buecle.

100 2652 155 2692 38
181 2657 378 2703 praestat
399 2652 471 2691 ucl
557 2654 609 2691 41
641 2652 828 2704 perdica
854 2651 860 2703 Ι
888 2666 1038 2702 myrra
1124 2654 1178 2692 43
1202 2656 1355 2691 tauros
1441 2653 1499 2693 44
1527 2651 1708 2691 Phedra

98 2707 155 2747 45
184 2707 382 2757 conferas
411 2707 478 2747 IX
508 2709 561 2748 89
689 2710 744 2748 46
773 2708 1016 2761 Impudens
1052 2721 1163 2749 eor-r.
1195 2707 1355 2747 Bueeh.
1479 2709 1534 2747 48
1573 2711 1708 2747 notat

99 2775 212 2803 corr.
239 2762 398 2803 Buech.
500 2765 556 2803 49
588 2776 719 2816 opem
746 2778 860 2804 corr.
896 2778 953 2804 ea:
985 2776 1095 2816 opes
1202 2764 1255 2803 50
1285 2763 1352 2802 Ιῑίο
1382 2775 1531 2803 uersus
1562 2765 1706 2803 eodem

101 2831 181 2871 quo
211 2831 358 2859 uersus
390 2821 442 2860 10
471 2821 592 2860 modo
622 2822 802 2872 maryinz'
829 2821 1070 2871 adscriptus
1102 2821 1362 2871 numer-Isque
1393 2824 1612 2871 exemptus
1643 2825 1706 2858 est

100 2875 156 2914 54
186 2875 358 2915 Poenei
473 2876 527 2916 55
559 2875 759 2916 Climene
876 2877 930 2917 58
962 2877 1086 2927 Quas
1116 2889 1230 2916 corr.
1263 2874 1422 2916 Buech.

1310 2948 1365 2985 1*
