1940 3072
577 0 623 19 Ν.
664 0 679 6 „
704 0 925 31 1-.⁷rr*,.=2·g=·:<
967 0 1022 24 ..⁷³2
1125 0 1157 20 ’ν
1291 0 1485 22 .v-.-.-‚2,..
1543 2 1571 16 ;.-
1720 12 1725 19 .

758 23 760 26 r
815 23 846 51 ²*-
928 28 930 30 v
1024 21 1053 32 μ’
1090 22 1170 46 «Λευ
1251 26 1255 29 t
1287 24 1336 46 ψ’
1375 26 1395 38 ⁸«
1430 42 1441 54 ι.
1539 43 1546 52 r
1591 18 1600 30 ⁹
1634 35 1662 58 'x
1744 31 1755 39 ς

288 147 359 204 80

778 387 1087 442 satisfactio
1118 347 1410 443 Dracontii.

395 517 511 570 Rex
534 517 791 569 immense
817 516 946 568 deus
972 519 1287 568 cunctorum
1313 516 1560 570 conditor
1585 520 1638 571 et
1661 536 1807 587 spes,
1877 564 1882 566 ,

468 586 638 649 Quem
661 587 818 639 timet
835 604 994 639 omne
1021 586 1218 654 solum,
1247 587 1339 654 qui
1363 587 1506 656 regis
1531 588 1550 639 i
1589 606 1656 640 ne
1681 588 1891 658 polum,

396 656 580 710 Sidera
602 657 815 709 flamma
841 656 953 709 dies
979 674 1139 724 quem
1164 656 1244 708 sol
1268 675 1379 709 nox
1401 657 1530 709 luna
1551 605 1791 711 {atentur

466 729 784 795 Auctorem,
825 727 1100 779 dominum
1126 726 1336 779 saecula
1361 730 1552 779 cuncta
1574 729 1808 796 probant
1819 743 1845 782 τ’

341 808 367 848 5
392 797 666 865 Principio
693 815 785 849 seu
810 798 918 849 fine
943 814 1126 849 carens
1154 800 1208 849 et
1231 797 1488 865 temporis
1515 815 1702 867 expers

467 866 692 920 Nescius
719 867 910 920 alterni
934 885 1033 919 nec
1059 867 1175 919 uice
1200 866 1417 919 functus
1443 868 1558 937 agis
1567 910 1582 936 ‚

398 937 594 990 Omnia
619 940 929 1006 permutans
954 938 1106 989 nullo
1135 937 1408 989 mutabilis
1436 955 1568 990 aeuo

465 1007 614 1060 Idem
638 1026 848 1076 semper
873 1008 975 1059 eris
1002 1008 1093 1075 qui
1121 1025 1175 1059 es
1200 1007 1359 1060 modo
1386 1008 1473 1059 uel
1499 1008 1692 1062 fueras,

394 1077 491 1131 Nil
516 1077 666 1130 addit
690 1078 959 1146 demitque
984 1077 1084 1130 tibi
1108 1080 1219 1129 tam
1245 1077 1409 1146 longa
1433 1081 1698 1147 uetustas,

229 1146 235 1150 ’
316 1159 369 1199 10
465 1146 660 1200 Omnia
685 1151 896 1216 tempus
921 1147 1146 1215 habent,
1172 1165 1299 1199 nam
1323 1148 1423 1200 tibi
1447 1151 1657 1217 tempus
1683 1149 1846 1204 abest.

397 1217 501 1280 Qui
525 1222 731 1271 mentes
755 1218 1036 1270 hominum
1063 1236 1168 1286 qua
1192 1218 1275 1269 uis
1298 1236 1395 1286 per
1421 1218 1631 1286 singula
1656 1219 1804 1272 ducis

466 1288 540 1341 Et
566 1306 884 1356 quocunque
910 1288 1061 1340 iubes
1090 1287 1275 1357 dirigis
1302 1289 1543 1357 ingenia,
1807 1298 1810 1299 ’

395 1359 499 1421 Qui
530 1358 664 1410 facis
689 1359 856 1410 iratus
881 1358 1126 1424 homine-s
1152 1359 1419 1410 contraria
1443 1358 1581 1411 uelle

466 1429 845 1496 Propitiusque
871 1429 1021 1480 iubes
1048 1431 1109 1480 ut
1133 1429 1275 1480 bona
1299 1431 1491 1480 cuncta
1516 1432 1723 1497 gerant.

315 1509 366 1549 15
394 1498 658 1567 Quicquid
705 1501 875 1567 agunt
922 1498 1193 1566 homineS‚
1236 1499 1380 1550 bona
1421 1499 1597 1550 tristia
1638 1517 1895 1569 prospera

1469 1587 1637 1636 praua

463 1638 583 1691 Hoc
607 1638 723 1690 fieri
749 1638 1058 1690 ammittunt
1082 1638 1162 1689 ira
1185 1637 1445 1706 fauorque
1472 1638 1583 1691 dei:
1646 1611 1661 1638 ⁷

394 1708 513 1761 Hoc
538 1711 631 1760 tua
655 1709 818 1760 uerba
842 1708 1073 1776 probant
1096 1707 1282 1760 Moseo
1310 1707 1449 1760 dicta
1471 1709 1792 1778 prophetae,

468 1778 621 1840 Quod
648 1778 933 1830 duraturus
962 1795 1053 1831 cor
1076 1777 1374 1830 Pharaonis
1401 1795 1532 1831 eraS.

395 1847 483 1902 Sic
507 1866 626 1900 mea
652 1849 811 1901 corda
837 1848 964 1900 deus
989 1851 1175 1900 nostro
1201 1851 1454 1916 peccante
1479 1851 1629 1900 reatu

314 1929 370 1969 20
466 1919 743 1987 Temporis
769 1918 1040 1971 immodici
1065 1918 1220 1987 pellit
1245 1918 1312 1969 ad
1341 1918 1554 1986 illicita,

126 2005 290 2052 toz.144r
396 1988 473 2042 Ut
537 1989 591 2040 ui
615 1988 756 2041 facta
781 1989 973 2040 ducum
998 2007 1209 2057 possem
1233 2006 1448 2040 narrare
1473 2006 1738 2058 meorum,

525 2059 718 2111 ominis
744 2058 1011 2127 Asdingui
1035 2059 1177 2110 bella
1202 2058 1619 2127 triumphigera,

396 2128 553 2181 Unde
579 2129 713 2180 mihi
738 2146 938 2180 merces
963 2132 1144 2196 posset
1170 2146 1290 2180 cum
1314 2128 1468 2179 laude
1495 2128 1679 2180 salutis

467 2198 690 2250 Munere
716 2199 991 2267 regnantis
1016 2215 1210 2268 magna
1235 2198 1419 2250 uenire
1446 2198 1631 2265 simul,

314 2278 368 2318 25
394 2268 639 2321 Praemia
664 2268 987 2336 despicerem
1012 2268 1188 2320 tacitis
1214 2270 1298 2320 tot
1321 2268 1535 2336 regibus
1562 2268 1715 2320 almis
1724 2308 1739 2336 ‚

469 2337 545 2390 Ut
568 2342 802 2406 peterem
829 2339 1005 2390 subito
1033 2341 1174 2390 certa
1197 2338 1397 2406 pericla
1421 2338 1595 2390 miser.

400 2408 529 2470 Quis
554 2408 659 2460 nisi
687 2409 901 2460 caelesti
926 2408 1141 2460 demens
1167 2408 1472 2475 compulsus
1499 2408 1563 2459 ab
1589 2407 1671 2458 ira

467 2480 676 2546 Aspera
700 2481 891 2530 cuncta
914 2481 1086 2546 petat,
1113 2496 1368 2546 prospera
1394 2480 1584 2529 cuncta
1607 2476 1807 2547 neget?

404 2608 551 2658 incipit
582 2608 740 2647 codicis
766 2606 968 2647 Uaticani
990 2607 1068 2655 fol.
1103 2608 1213 2646 1430
1240 2608 1330 2646 sine
1360 2607 1498 2646 indic-e
1615 2607 1635 2644 1
1670 2602 1726 2646 ὅο
1752 2603 1759 2656 Ι
1788 2617 1893 2645 con-

292 2661 437 2703 dictor
467 2676 582 2703 corr.
611 2664 823 2702 Areualus
911 2664 963 2702 15
995 2661 1225 2714 Quidquid
1255 2662 1454 2702 sirmond
1483 2667 1526 2701 et
1555 2662 1765 2702 Areualus
1793 2673 1893 2701 con-

293 2717 418 2767 seras
454 2719 698 2758 quenalem
731 2718 755 2757 I
783 2721 839 2758 85
955 2719 1006 2757 16
1047 2718 1295 2758 admittunt
1330 2718 1542 2757 Areualus
1574 2716 1580 2764 1
1615 2718 1747 2759 fabor
1775 2729 1891 2758 corr.

295 2774 509 2814 Areualus
623 2776 674 2813 21
709 2771 828 2826 qui]i
858 2775 898 2812 in
929 2786 1084 2813 rasura
1111 2776 1313 2824 ampliore
1427 2774 1481 2813 25
1513 2773 1725 2814 Proemia
1838 2773 1893 2812 26

293 2829 355 2868 Et
384 2831 462 2869 sed
493 2843 516 2869 e
555 2831 596 2869 in
632 2843 788 2870 rasura
826 2831 1077 2869 recentiore.
1147 2831 1313 2869 uidetur
1346 2829 1481 2879 fuisse
1517 2841 1547 2868 u
1661 2831 1715 2870 28
1752 2830 1894 2880 negat

296 2897 410 2925 corr.
446 2886 658 2925 Areualus
