1940 3072
733 131 914 177 LIBER
948 131 983 177 Ι.
1020 131 1078 176 H.

643 285 684 332 F
695 284 793 332 AB
806 283 853 330 V
863 282 904 332 L
917 283 965 332 A
1000 283 1179 333 XXXI.

498 365 772 408 MILVVS
801 366 893 407 ET
924 364 1326 407 coLVMBAE.

134 477 137 480 -
179 451 272 510 Qui
296 466 349 502 se
375 453 640 501 committit
663 451 854 501 homini
878 450 1138 501 tutandum
1162 450 1389 517 inprobo,

108 522 306 573 Auxilia
332 522 450 571 dum
473 523 711 587 requirit,
740 522 947 572 exitium
969 523 1176 572 invenit.

180 591 446 642 Columbae
472 607 619 657 saepe
646 607 760 643 cum
781 593 1026 656 fugissent
1047 591 1257 642 miluum

106 661 172 711 Et
197 661 448 711 celeritate
473 676 666 726 pennae
690 664 930 712 vitassent
952 677 1143 719 necem,

108 732 382 782 Consilium
406 739 577 797 raptor
602 734 750 782 vertit
774 732 836 782 ad
858 731 1106 782 fallaciam

107 802 171 851 Et
195 817 352 866 genus
376 804 568 851 inerme
591 801 680 853 tali
706 802 903 867 decepit
927 802 1060 852 dolo:

106 870 271 929 Quare
298 872 563 922 sollicitum
587 873 754 938 potius
780 887 953 922 aevum
980 873 1173 930 duciti5‚

106 941 264 999 Quam
287 956 458 1007 regem
480 957 560 992 me
585 944 768 992 creatis
792 944 891 992 icto
916 943 1134 999 foedere,

107 1010 203 1070 Qui
228 1027 314 1062 vos
339 1012 400 1063 ab
427 1014 565 1062 omni
589 1018 720 1063 tutas
744 1018 993 1078 praestem
1017 1012 1234 1064 iniuria?

106 1082 223 1132 Illae
250 1082 511 1133 credentes
534 1083 738 1133 tradunt
760 1098 871 1133 sese
895 1084 1076 1141 miluo;

107 1151 202 1209 Qui
226 1167 437 1217 regnum
461 1153 667 1218 adeptus
693 1154 859 1218 coepit
881 1154 1016 1204 vesci
1038 1153 1261 1217 singulas

106 1222 170 1271 Et
195 1237 430 1272 exercere
455 1225 707 1288 inperium
732 1226 892 1274 saevis
917 1223 1182 1288 unguibus,

107 1291 247 1342 Tunc
274 1293 335 1343 de
360 1293 564 1343 relicuis
588 1309 710 1343 una:
761 1293 938 1343 Merito
964 1291 1246 1359 plectimur.

548 1658 791 1707 LIBER
839 1657 1270 1708 SECVNDVS.

759 1782 1061 1826 AVCTOR.

108 1867 361 1933 Exemplis
388 1868 671 1917 continetur
696 1867 877 1932 Aesopi
903 1882 1086 1931 genus;

109 1939 214 1988 Nec
240 1938 374 1988 aliud
398 1940 661 2003 quicquam
688 1952 780 2002 per
804 1937 1010 1988 fabellas
1036 1939 1305 2003 quaeritur,

14 2016 18 2023 ·
110 2008 267 2066 Quam
292 2009 573 2071 corrigatur
598 2022 740 2057 error
764 2013 820 2057 ut
843 2008 1128 2058 mortalium

110 2080 363 2143 Acuatque
390 2093 499 2128 sese
526 2078 736 2142 diligens
761 2078 1027 2128 industria.

110 2148 419 2213 Quicumque
444 2149 598 2198 fuerit
624 2162 743 2212 ergo
766 2148 1006 2198 narrandi
1030 2150 1184 2205 iocuS,

111 2218 238 2267 Dum
263 2219 426 2282 capiat
450 2233 619 2268 aurem
645 2225 696 2268 et
719 2224 884 2268 servet
906 2221 1218 2283 propositum
1245 2233 1403 2274 suum,

111 2288 183 2337 Re
210 2288 604 2346 commendatur,
631 2303 731 2338 non
756 2290 972 2338 auctoris
996 2290 1214 2339 nomine.

111 2358 358 2422 Equidem
383 2361 518 2408 omni
544 2374 663 2408 cura
686 2374 877 2408 morem
902 2358 1110 2409 servabo
1138 2360 1296 2416 senis;

114 2427 213 2477 Sed
238 2429 282 2477 si
306 2427 512 2479 libuerit
536 2429 723 2494 aliquid
748 2430 1084 2495 interponere,

112 2497 372 2548 Dictorum
397 2514 571 2549 sensus
596 2505 652 2548 ut
676 2499 889 2549 delectet
914 2501 1140 2556 varietas,

114 2567 276 2617 Bonas
302 2570 355 2617 in
379 2575 571 2634 parteS,
598 2569 773 2626 lector,
808 2571 1023 2634 accipias
1047 2570 1209 2626 velim,

114 2637 214 2694 Ita,
242 2640 287 2688 si
310 2639 553 2704 rependet
577 2639 711 2688 illam
735 2638 951 2690 brevitas
977 2641 1202 2703 gratiam.

117 2707 268 2757 Cuius
292 2708 501 2759 verbosa
525 2724 588 2759 ne
614 2711 679 2759 sit
703 2709 1080 2767 commendatio,

117 2776 352 2835 Attende,
381 2794 470 2828 cur
494 2794 676 2843 negare
702 2780 896 2846 cupidis
922 2779 1119 2838 debeas,

122 2847 354 2899 Modestis
381 2851 529 2899 etiam
554 2850 757 2909 offerre,
785 2850 915 2916 quod
940 2865 1039 2899 non
1068 2851 1323 2917 petierint.

1644 128 1711 181 13

1659 1088 1714 1131 10

1665 2503 1721 2547 10

1667 2856 1719 2899 15
