1940 3072
777 144 955 192 LIBER
990 145 1026 190 Ι.

676 270 717 318 Ὲ
729 269 776 318 Α
785 269 828 317 Β
838 269 885 316 V
894 268 935 317 L
948 268 995 317 A
1039 268 1132 317 ΙΠ.

343 349 715 393 GRAOVLVS
746 349 1112 392 SVPERBVS
1140 349 1232 391 12¹1·
1261 347 1471 390 PAVO.

114 439 116 442 ’
174 421 247 471 Ne
273 422 475 486 gloriari
499 420 655 471 libeat
679 422 854 471 alienis
887 421 1034 471 honis

106 491 300 557 Suoque
326 493 491 557 potius
513 490 690 541 habitu
714 493 866 541 vitam
892 491 1088 555 degere,

3 565 16 605 ἶ.
104 562 324 627 Aesopus
349 560 493 611 nobis
516 560 611 611 hoc
636 562 916 626 exempl-um
940 560 1178 626 prodidit.

174 630 392 681 Tumens
415 630 550 681 inani
573 630 804 695 graculus
831 629 1079 697 superbia,

103 700 297 751 Pennas
319 702 497 767 pavoni
523 716 649 766 quae
675 700 964 750 deciderant
988 699 1184 750 sustulit

105 770 266 837 Seque
293 772 566 821 exornavit.
617 767 806 820 Deinde
833 775 1152 819 contemnens
1178 783 1294 818 suos

105 839 167 889 Se
194 841 445 892 inmiscuit
468 840 710 906 pavonum
733 841 950 890 formoso
975 840 1133 903 gregi.

102 909 179 959 Illi
205 910 464 976 inpudenti
488 925 678 975 pennas
703 911 923 975 eripiunt
947 911 1025 959 avi

102 980 393 1045 Fugantque
417 981 609 1031 rostris.
660 980 784 1029 Male
808 979 1052 1029 mulcatus
1076 977 1307 1042 graculus

101 1048 286 1100 Redire
311 1066 539 1100 maerens
564 1051 726 1115 coepit
751 1049 812 1099 ad
836 1050 1095 1115 proprium
1122 1062 1304 1112 genus;

101 1121 143 1169 A
167 1135 264 1185 quo
287 1135 342 1170 re
378 1121 516 1171 ulsus
539 1122 735 1170 tristem
760 1120 994 1169 sustinuit
1016 1124 1199 1168 notam.

101 1187 229 1240 Tum
254 1191 337 1256 qui
375 1206 452 1240 am
478 1206 537 1239 ex
562 1190 686 1246 illis,
715 1205 838 1254 quos
862 1189 1000 1255 prius
1026 1188 1344 1253 despexerat:

102 1259 370 1309 Contentus
395 1262 578 1309 nostris
602 1262 646 1309 si
670 1260 853 1309 fuisses
878 1258 1081 1309 sedibus

99 1326 163 1378 Et
187 1330 317 1394 quod
341 1336 518 1379 natura
543 1329 750 1379 dederat
773 1328 1010 1378 voluisses
1034 1329 1153 1392 pati,

99 1397 202 1448 Nec
227 1398 363 1449 illam
388 1406 622 1465 expertus
647 1411 781 1449 esses
806 1398 1154 1448 contumeliam

100 1467 202 1518 Nec
226 1469 353 1519 hanc
379 1468 629 1534 repulsam
654 1476 737 1518 tua
764 1469 973 1517 sentiret
998 1467 1268 1517 calamitas,

672 1594 993 1642 FABVLA
1036 1593 1125 1642 IV.

202 1674 412 1716 CANIS
441 1675 584 1717 PER
612 1672 945 1717 FLVVIVM
975 1674 1273 1717 CARNEM
1303 1673 1597 1716 FERENS.

167 1747 362 1794 Amittit
385 1747 564 1795 merito
589 1748 850 1811 proprium
876 1748 963 1811 qui
990 1746 1206 1795 alienum
1233 1745 1436 1810 adpetit.

98 1815 244 1865 Canis
269 1829 360 1879 per
385 1814 568 1865 flumen
594 1830 796 1865 carnem
822 1816 938 1865 dum
962 1816 1120 1865 ferret
1144 1821 1334 1872 natam,

96 1884 430 1950 Lympharum
454 1886 507 1935 in
533 1885 732 1950 speculo
754 1885 879 1934 vidit
905 1886 1223 1935 simulacrum
1248 1900 1405 1942 suum,

100 1954 352 2020 Aliamque
377 1955 613 2019 praedam
639 1954 699 2004 ab
727 1955 881 2004 altero
906 1955 1031 2004 ferri
1055 1960 1233 2019 putans

96 2023 306 2089 Eripere
332 2024 509 2074 voluit:
550 2040 723 2074 verum
749 2025 954 2089 decepta
982 2024 1188 2074 aviditas

97 2093 158 2143 Et
184 2109 330 2159 quem
357 2094 559 2144 tenebat
584 2109 669 2144 ore
696 2095 883 2143 dimisit
908 2094 1088 2151 cibum,

97 2162 199 2214 Nec
226 2178 371 2228 quem
396 2164 598 2228 petebat
622 2166 785 2229 potuit
810 2165 932 2213 adeo
958 2164 1230 2227 adtingere.

682 2278 721 2325 F
733 2277 779 2325 A
792 2277 834 2324 B
846 2277 892 2324 V
902 2277 943 2325 L
955 2278 1001 2326 A
1047 2276 1110 2324 V.

328 2357 587 2408 VAOGA,
618 2358 966 2408 OAPELLA,
997 2357 1159 2399 OVIS
1188 2358 1277 2399 ΕΤ
1308 2356 1464 2402 LEO·

167 2426 444 2493 Numquam
471 2435 544 2478 est
573 2428 734 2479 fidelis
759 2443 870 2478 cum
898 2434 1097 2493 potente
1124 2430 1356 2477 societas:

98 2496 328 2547 Testatur
353 2498 475 2547 haec
500 2497 680 2547 fabella
705 2500 1013 2563 propositum
1037 2513 1217 2547 meum.

170 2568 324 2616 Vacca
349 2574 396 2616 et
422 2567 606 2633 capella
635 2573 684 2617 et
707 2570 901 2633 patiens
927 2570 1031 2617 ovis
1058 2569 1270 2617 iniuriae

100 2636 231 2686 Socii
255 2637 396 2686 suere
422 2652 534 2687 cum
560 2637 701 2686 leone
727 2640 779 2687 in
805 2636 1028 2687 saltibus.

97 2706 158 2755 Hi
183 2720 295 2755 eum
322 2708 568 2771 cepissent
592 2722 791 2757 cervum
816 2709 939 2757 vasti
966 2709 1203 2771 corporiS,

101 2774 182 2824 Sic
209 2782 284 2825 est
306 2775 498 2826 locutus
523 2776 749 2842 partibus
774 2777 917 2827 factis
944 2777 1045 2826 leo:

98 2844 201 2908 Ego
226 2847 437 2910 primam
463 2846 606 2907 tollo,
633 2848 861 2897 nominor
886 2848 1115 2912 quoniam
1141 2847 1245 2906 leo;

1283 2928 1353 2979 1*

1650 1051 1704 1092 10

1646 1371 1703 1441 15
