<?xml version="1.0" encoding="UTF-8"?>
<!DOCTYPE html PUBLIC "-//W3C//DTD XHTML 1.0 Transitional//EN"
    "http://www.w3.org/TR/xhtml1/DTD/xhtml1-transitional.dtd">
<html xmlns="http://www.w3.org/1999/xhtml" xml:lang="en" lang="en">
 <head>
  <title>
</title>
<meta http-equiv="Content-Type" content="text/html;charset=utf-8" />
  <meta name='ocr-system' content='tesseract 3.04.00' />
  <meta name='ocr-capabilities' content='ocr_page ocr_carea ocr_par ocr_line ocrx_word'/>
</head>
<body>
  <div class='ocr_page' id='page_1' title='image "./phaedriaugustili00phaeuoft_0290.png"; bbox 0 0 1940 3072; ppageno 0'>
   <div class='ocr_carea' id='block_1_1' title="bbox 40 508 155 549">
    <p class='ocr_par' dir='ltr' id='par_1_1' title="bbox 40 508 155 549">
     <span class='ocr_line' id='line_1_1' title="bbox 40 508 155 549; baseline 0 -1"><span class='ocrx_word' id='word_1_1' title='bbox 40 508 155 549; x_wconf 83' lang='lat'>1615</span> 
     </span>
    </p>
   </div>
   <div class='ocr_carea' id='block_1_2' title="bbox 41 877 155 918">
    <p class='ocr_par' dir='ltr' id='par_1_2' title="bbox 41 877 155 918">
     <span class='ocr_line' id='line_1_2' title="bbox 41 877 155 918; baseline 0 -1"><span class='ocrx_word' id='word_1_2' title='bbox 41 877 155 918; x_wconf 82' lang='lat'>1620</span> 
     </span>
    </p>
   </div>
   <div class='ocr_carea' id='block_1_3' title="bbox 43 1247 155 1288">
    <p class='ocr_par' dir='ltr' id='par_1_3' title="bbox 43 1247 155 1288">
     <span class='ocr_line' id='line_1_3' title="bbox 43 1247 155 1288; baseline 0 -1"><span class='ocrx_word' id='word_1_3' title='bbox 43 1247 155 1288; x_wconf 84' lang='lat'>1625</span> 
     </span>
    </p>
   </div>
   <div class='ocr_carea' id='block_1_4' title="bbox 43 1615 155 1655">
    <p class='ocr_par' dir='ltr' id='par_1_4' title="bbox 43 1615 155 1655">
     <span class='ocr_line' id='line_1_4' title="bbox 43 1615 155 1655; baseline 0 0"><span class='ocrx_word' id='word_1_4' title='bbox 43 1615 155 1655; x_wconf 88' lang='grc'>1630</span> 
     </span>
    </p>
   </div>
   <div class='ocr_carea' id='block_1_5' title="bbox 185 197 1828 1819">
    <p class='ocr_par' dir='ltr' id='par_1_5' title="bbox 186 197 1654 415">
     <span class='ocr_line' id='line_1_5' title="bbox 186 197 1515 267; baseline 0.001 -16"><span class='ocrx_word' id='word_1_5' title='bbox 186 198 420 267; x_wconf 87' lang='lat' dir='ltr'>pallidus</span> <span class='ocrx_word' id='word_1_6' title='bbox 461 216 556 251; x_wconf 89' lang='lat' dir='ltr'>ora</span> <span class='ocrx_word' id='word_1_7' title='bbox 595 197 788 251; x_wconf 88' lang='lat' dir='ltr'>cadens</span> <span class='ocrx_word' id='word_1_8' title='bbox 828 197 1101 267; x_wconf 90' lang='lat' dir='ltr'>promittit</span> <span class='ocrx_word' id='word_1_9' title='bbox 1137 216 1274 267; x_wconf 86' lang='lat' dir='ltr'>pura</span> <span class='ocrx_word' id='word_1_10' title='bbox 1313 216 1515 252; x_wconf 87' lang='lat' dir='ltr'>serena.</span> 
     </span>
     <span class='ocr_line' id='line_1_6' title="bbox 188 271 1654 342; baseline 0.001 -18"><span class='ocrx_word' id='word_1_11' title='bbox 188 271 438 341; x_wconf 82' lang='lat' dir='ltr'>displosis</span> <span class='ocrx_word' id='word_1_12' title='bbox 479 273 679 325; x_wconf 81' lang='lat' dir='ltr'><strong>etenim</strong></span> <span class='ocrx_word' id='word_1_13' title='bbox 719 290 815 342; x_wconf 89' lang='lat' dir='ltr'>per</span> <span class='ocrx_word' id='word_1_14' title='bbox 855 274 1099 340; x_wconf 87' lang='lat' dir='ltr'>apertam</span> <span class='ocrx_word' id='word_1_15' title='bbox 1134 272 1371 326; x_wconf 91' lang='lat' dir='ltr'>nubibus</span> <span class='ocrx_word' id='word_1_16' title='bbox 1411 274 1654 326; x_wconf 87' lang='lat' dir='ltr'>aethram</span> 
     </span>
     <span class='ocr_line' id='line_1_7' title="bbox 189 346 1387 415; baseline 0.001 -17"><span class='ocrx_word' id='word_1_17' title='bbox 189 364 285 399; x_wconf 87' lang='lat' dir='ltr'>ora</span> <span class='ocrx_word' id='word_1_18' title='bbox 323 346 594 399; x_wconf 74' lang='lat' dir='ltr'>laboranti</span> <span class='ocrx_word' id='word_1_19' title='bbox 633 346 825 398; x_wconf 91' lang='lat' dir='ltr'>similis</span> <span class='ocrx_word' id='word_1_20' title='bbox 862 346 1179 415; x_wconf 76' lang='lat' dir='ltr'>languentia</span> <span class='ocrx_word' id='word_1_21' title='bbox 1216 347 1387 415; x_wconf 90' lang='lat' dir='ltr'>pallet</span> 
     </span>
    </p>

    <p class='ocr_par' dir='ltr' id='par_1_6' title="bbox 189 419 1340 473">
     <span class='ocr_line' id='line_1_8' title="bbox 189 419 1340 473; baseline 0 -1"><span class='ocrx_word' id='word_1_22' title='bbox 189 422 243 472; x_wconf 91' lang='lat' dir='ltr'>et</span> <span class='ocrx_word' id='word_1_23' title='bbox 281 419 625 473; x_wconf 89' lang='lat' dir='ltr'>disiectarum</span> <span class='ocrx_word' id='word_1_24' title='bbox 663 421 834 473; x_wconf 93' lang='lat' dir='ltr'>moles</span> <span class='ocrx_word' id='word_1_25' title='bbox 874 420 982 472; x_wconf 90' lang='lat' dir='ltr'>late</span> <span class='ocrx_word' id='word_1_26' title='bbox 1021 420 1340 473; x_wconf 84' lang='lat' dir='ltr'>nebularum</span> 
     </span>
    </p>

    <p class='ocr_par' dir='ltr' id='par_1_7' title="bbox 187 493 1376 547">
     <span class='ocr_line' id='line_1_9' title="bbox 187 493 1376 547; baseline 0.001 -1"><span class='ocrx_word' id='word_1_27' title='bbox 187 493 390 546; x_wconf 90' lang='lat' dir='ltr'>indicat</span> <span class='ocrx_word' id='word_1_28' title='bbox 429 494 575 547; x_wconf 91' lang='lat' dir='ltr'>exuti</span> <span class='ocrx_word' id='word_1_29' title='bbox 612 493 805 547; x_wconf 89' lang='lat' dir='ltr'>faciem</span> <span class='ocrx_word' id='word_1_30' title='bbox 845 494 1134 547; x_wconf 82' lang='lat' dir='ltr'>clarescere</span> <span class='ocrx_word' id='word_1_31' title='bbox 1172 494 1376 547; x_wconf 90' lang='lat' dir='ltr'>mundi.</span> 
     </span>
    </p>

    <p class='ocr_par' dir='ltr' id='par_1_8' title="bbox 185 567 1570 785">
     <span class='ocr_line' id='line_1_10' title="bbox 189 567 1566 636; baseline 0.001 -16"><span class='ocrx_word' id='word_1_32' title='bbox 189 567 320 636; x_wconf 92' lang='lat' dir='ltr'>quin</span> <span class='ocrx_word' id='word_1_33' title='bbox 359 570 611 621; x_wconf 90' lang='lat' dir='ltr'>nascente</span> <span class='ocrx_word' id='word_1_34' title='bbox 652 568 735 620; x_wconf 92' lang='lat' dir='ltr'>die</span> <span class='ocrx_word' id='word_1_35' title='bbox 776 569 1033 621; x_wconf 91' lang='lat' dir='ltr'>uenturos</span> <span class='ocrx_word' id='word_1_36' title='bbox 1073 568 1328 621; x_wconf 90' lang='lat' dir='ltr'>conuenit</span> <span class='ocrx_word' id='word_1_37' title='bbox 1364 568 1566 622; x_wconf 82' lang='lat' dir='ltr'>imbres</span> 
     </span>
     <span class='ocr_line' id='line_1_11' title="bbox 185 641 1570 711; baseline 0.001 -17"><span class='ocrx_word' id='word_1_38' title='bbox 185 658 430 710; x_wconf 85' lang='lat' dir='ltr'>noscere,</span> <span class='ocrx_word' id='word_1_39' title='bbox 470 660 591 695; x_wconf 89' lang='lat' dir='ltr'>cum</span> <span class='ocrx_word' id='word_1_40' title='bbox 630 642 789 711; x_wconf 87' lang='lat' dir='ltr'>proni</span> <span class='ocrx_word' id='word_1_41' title='bbox 826 642 1013 710; x_wconf 87' lang='lat' dir='ltr'>procul</span> <span class='ocrx_word' id='word_1_42' title='bbox 1053 642 1119 694; x_wconf 88' lang='lat' dir='ltr'>ad</span> <span class='ocrx_word' id='word_1_43' title='bbox 1161 641 1397 695; x_wconf 88' lang='lat' dir='ltr'>confinia</span> <span class='ocrx_word' id='word_1_44' title='bbox 1435 643 1570 695; x_wconf 89' lang='lat' dir='ltr'>caeli</span> 
     </span>
     <span class='ocr_line' id='line_1_12' title="bbox 187 715 1337 785; baseline 0.002 -18"><span class='ocrx_word' id='word_1_45' title='bbox 187 715 385 768; x_wconf 86' lang='lat' dir='ltr'>deferri</span> <span class='ocrx_word' id='word_1_46' title='bbox 421 715 574 784; x_wconf 88' lang='lat' dir='ltr'>piceo</span> <span class='ocrx_word' id='word_1_47' title='bbox 616 717 877 785; x_wconf 88' lang='lat' dir='ltr'>spectaris</span> <span class='ocrx_word' id='word_1_48' title='bbox 916 715 1105 768; x_wconf 87' lang='lat' dir='ltr'>nubila</span> <span class='ocrx_word' id='word_1_49' title='bbox 1142 718 1337 769; x_wconf 86' lang='lat' dir='ltr'>tractu.</span> 
     </span>
    </p>

    <p class='ocr_par' dir='ltr' id='par_1_9' title="bbox 186 789 1656 1597">
     <span class='ocr_line' id='line_1_13' title="bbox 189 789 1656 860; baseline 0.001 -19"><span class='ocrx_word' id='word_1_50' title='bbox 189 792 243 841; x_wconf 90' lang='lat' dir='ltr'>et</span> <span class='ocrx_word' id='word_1_51' title='bbox 282 807 404 842; x_wconf 88' lang='lat' dir='ltr'>cum</span> <span class='ocrx_word' id='word_1_52' title='bbox 444 789 718 843; x_wconf 87' lang='lat' dir='ltr'>declinant</span> <span class='ocrx_word' id='word_1_53' title='bbox 754 789 895 842; x_wconf 89' lang='lat' dir='ltr'>radii</span> <span class='ocrx_word' id='word_1_54' title='bbox 935 806 990 842; x_wconf 91' lang='lat' dir='ltr'>se</span> <span class='ocrx_word' id='word_1_55' title='bbox 1028 792 1239 858; x_wconf 87' lang='lat' dir='ltr'>partem</span> <span class='ocrx_word' id='word_1_56' title='bbox 1276 789 1331 842; x_wconf 90' lang='lat' dir='ltr'>in</span> <span class='ocrx_word' id='word_1_57' title='bbox 1372 792 1656 860; x_wconf 90' lang='lat' dir='ltr'>utramque</span> 
     </span>
     <span class='ocr_line' id='line_1_14' title="bbox 187 863 1538 932; baseline 0.001 -17"><span class='ocrx_word' id='word_1_58' title='bbox 187 863 321 916; x_wconf 90' lang='lat' dir='ltr'>lucis</span> <span class='ocrx_word' id='word_1_59' title='bbox 361 863 421 915; x_wconf 88' lang='lat' dir='ltr'>in</span> <span class='ocrx_word' id='word_1_60' title='bbox 460 881 675 932; x_wconf 87' lang='lat' dir='ltr'>occasu,</span> <span class='ocrx_word' id='word_1_61' title='bbox 714 882 825 917; x_wconf 93' lang='lat' dir='ltr'>nox</span> <span class='ocrx_word' id='word_1_62' title='bbox 862 866 924 916; x_wconf 90' lang='lat' dir='ltr'>ut</span> <span class='ocrx_word' id='word_1_63' title='bbox 962 866 1108 916; x_wconf 87' lang='lat' dir='ltr'>serat</span> <span class='ocrx_word' id='word_1_64' title='bbox 1145 864 1327 932; x_wconf 88' lang='lat' dir='ltr'>algida</span> <span class='ocrx_word' id='word_1_65' title='bbox 1364 882 1538 932; x_wconf 87' lang='grc'>10168,</span> 
     </span>
     <span class='ocr_line' id='line_1_15' title="bbox 187 936 1644 1007; baseline 0.001 -18"><span class='ocrx_word' id='word_1_66' title='bbox 187 937 362 989; x_wconf 85' lang='lat' dir='ltr'>imber</span> <span class='ocrx_word' id='word_1_67' title='bbox 401 937 516 990; x_wconf 90' lang='lat' dir='ltr'>erit.</span> <span class='ocrx_word' id='word_1_68' title='bbox 591 956 753 1007; x_wconf 84' lang='lat' dir='ltr'>puras</span> <span class='ocrx_word' id='word_1_69' title='bbox 794 937 840 990; x_wconf 91' lang='lat' dir='ltr'>si</span> <span class='ocrx_word' id='word_1_70' title='bbox 876 936 1126 990; x_wconf 88' lang='lat' dir='ltr'>Phoebus</span> <span class='ocrx_word' id='word_1_71' title='bbox 1168 938 1367 990; x_wconf 88' lang='lat' dir='ltr'>condat</span> <span class='ocrx_word' id='word_1_72' title='bbox 1404 938 1644 991; x_wconf 87' lang='lat' dir='ltr'>habenas</span> 
     </span>
     <span class='ocr_line' id='line_1_16' title="bbox 189 1008 1450 1082; baseline 0.001 -19"><span class='ocrx_word' id='word_1_73' title='bbox 189 1013 243 1063; x_wconf 91' lang='lat' dir='ltr'>et</span> <span class='ocrx_word' id='word_1_74' title='bbox 282 1008 579 1080; x_wconf 73' lang='lat' dir='ltr'>Calpetano</span> <span class='ocrx_word' id='word_1_75' title='bbox 618 1011 971 1081; x_wconf 91' lang='lat' dir='ltr'>tranquillum</span> <span class='ocrx_word' id='word_1_76' title='bbox 1012 1011 1228 1082; x_wconf 81' lang='lat' dir='ltr'>gurgite</span> <span class='ocrx_word' id='word_1_77' title='bbox 1266 1012 1450 1064; x_wconf 92' lang='lat' dir='ltr'>lumen</span> 
     </span>
     <span class='ocr_line' id='line_1_17' title="bbox 186 1084 1545 1156; baseline 0.001 -20"><span class='ocrx_word' id='word_1_78' title='bbox 186 1084 406 1153; x_wconf 91' lang='lat' dir='ltr'>tinguat</span> <span class='ocrx_word' id='word_1_79' title='bbox 445 1087 498 1137; x_wconf 93' lang='lat' dir='ltr'>et</span> <span class='ocrx_word' id='word_1_80' title='bbox 535 1085 808 1154; x_wconf 88' lang='lat' dir='ltr'>inlapsum</span> <span class='ocrx_word' id='word_1_81' title='bbox 845 1085 1014 1138; x_wconf 90' lang='lat' dir='ltr'>nubes</span> <span class='ocrx_word' id='word_1_82' title='bbox 1054 1085 1228 1155; x_wconf 89' lang='lat' dir='ltr'>ignita</span> <span class='ocrx_word' id='word_1_83' title='bbox 1267 1088 1545 1156; x_wconf 83' lang='lat' dir='ltr'>sequatur,</span> 
     </span>
     <span class='ocr_line' id='line_1_18' title="bbox 186 1158 1512 1229; baseline 0 -18"><span class='ocrx_word' id='word_1_84' title='bbox 186 1175 400 1228; x_wconf 88' lang='lat' dir='ltr'>noxque</span> <span class='ocrx_word' id='word_1_85' title='bbox 440 1159 660 1229; x_wconf 89' lang='lat' dir='ltr'>diesque</span> <span class='ocrx_word' id='word_1_86' title='bbox 699 1159 893 1212; x_wconf 88' lang='lat' dir='ltr'>dehinc</span> <span class='ocrx_word' id='word_1_87' title='bbox 931 1159 1145 1212; x_wconf 88' lang='lat' dir='ltr'>uenturi</span> <span class='ocrx_word' id='word_1_88' title='bbox 1182 1177 1366 1212; x_wconf 84' lang='lat' dir='ltr'>rursus</span> <span class='ocrx_word' id='word_1_89' title='bbox 1406 1158 1512 1213; x_wconf 87' lang='lat' dir='ltr'>Eoi</span> 
     </span>
     <span class='ocr_line' id='line_1_19' title="bbox 186 1232 1496 1302; baseline 0.002 -19"><span class='ocrx_word' id='word_1_90' title='bbox 186 1232 494 1286; x_wconf 89' lang='lat' dir='ltr'>nimborum</span> <span class='ocrx_word' id='word_1_91' title='bbox 534 1237 778 1302; x_wconf 82' lang='lat' dir='ltr'>expertes</span> <span class='ocrx_word' id='word_1_92' title='bbox 818 1235 872 1286; x_wconf 92' lang='lat' dir='ltr'>et</span> <span class='ocrx_word' id='word_1_93' title='bbox 908 1233 1322 1301; x_wconf 85' lang='lat' dir='ltr'>tempestatibus</span> <span class='ocrx_word' id='word_1_94' title='bbox 1363 1233 1496 1286; x_wconf 85' lang='lat' dir='ltr'>atris</span> 
     </span>
     <span class='ocr_line' id='line_1_20' title="bbox 191 1306 1607 1361; baseline 0.001 -3"><span class='ocrx_word' id='word_1_95' title='bbox 191 1306 473 1359; x_wconf 90' lang='lat' dir='ltr'>durabunt.</span> <span class='ocrx_word' id='word_1_96' title='bbox 551 1308 644 1360; x_wconf 90' lang='lat' dir='ltr'>sed</span> <span class='ocrx_word' id='word_1_97' title='bbox 683 1326 804 1361; x_wconf 89' lang='lat' dir='ltr'>cum</span> <span class='ocrx_word' id='word_1_98' title='bbox 842 1306 1006 1359; x_wconf 88' lang='lat' dir='ltr'>radiis</span> <span class='ocrx_word' id='word_1_99' title='bbox 1046 1307 1408 1360; x_wconf 80' lang='lat' dir='ltr'>marcentibus</span> <span class='ocrx_word' id='word_1_100' title='bbox 1449 1307 1607 1360; x_wconf 89' lang='lat' dir='ltr'>ardor</span> 
     </span>
     <span class='ocr_line' id='line_1_21' title="bbox 186 1380 1642 1449; baseline 0.001 -17"><span class='ocrx_word' id='word_1_101' title='bbox 186 1381 413 1449; x_wconf 91' lang='lat' dir='ltr'>languet</span> <span class='ocrx_word' id='word_1_102' title='bbox 450 1383 505 1433; x_wconf 93' lang='lat' dir='ltr'>et</span> <span class='ocrx_word' id='word_1_103' title='bbox 542 1380 599 1432; x_wconf 90' lang='lat' dir='ltr'>in</span> <span class='ocrx_word' id='word_1_104' title='bbox 637 1382 789 1434; x_wconf 92' lang='lat' dir='ltr'>tenui</span> <span class='ocrx_word' id='word_1_105' title='bbox 826 1381 1121 1434; x_wconf 91' lang='lat' dir='ltr'>tenduntur</span> <span class='ocrx_word' id='word_1_106' title='bbox 1160 1381 1403 1434; x_wconf 91' lang='lat' dir='ltr'>acumine</span> <span class='ocrx_word' id='word_1_107' title='bbox 1441 1380 1642 1434; x_wconf 84' lang='lat' dir='ltr'>frustra</span> 
     </span>
     <span class='ocr_line' id='line_1_22' title="bbox 187 1454 1525 1524; baseline 0 -18"><span class='ocrx_word' id='word_1_108' title='bbox 187 1454 425 1506; x_wconf 89' lang='lat' dir='ltr'>Phoebei</span> <span class='ocrx_word' id='word_1_109' title='bbox 464 1455 662 1523; x_wconf 87' lang='lat' dir='ltr'>crines,</span> <span class='ocrx_word' id='word_1_110' title='bbox 699 1455 912 1507; x_wconf 90' lang='lat' dir='ltr'>nimbos</span> <span class='ocrx_word' id='word_1_111' title='bbox 954 1457 1079 1524; x_wconf 89' lang='lat' dir='ltr'>aget</span> <span class='ocrx_word' id='word_1_112' title='bbox 1117 1457 1237 1507; x_wconf 86' lang='lat' dir='ltr'>atra</span> <span class='ocrx_word' id='word_1_113' title='bbox 1275 1455 1525 1522; x_wconf 89' lang='lat' dir='ltr'>procella.</span> 
     </span>
     <span class='ocr_line' id='line_1_23' title="bbox 187 1527 1332 1597; baseline 0.001 -18"><span class='ocrx_word' id='word_1_114' title='bbox 187 1527 313 1580; x_wconf 91' lang='lat' dir='ltr'>talis</span> <span class='ocrx_word' id='word_1_115' title='bbox 355 1531 409 1580; x_wconf 89' lang='lat' dir='ltr'>et</span> <span class='ocrx_word' id='word_1_116' title='bbox 448 1527 667 1581; x_wconf 91' lang='lat' dir='ltr'>obducti</span> <span class='ocrx_word' id='word_1_117' title='bbox 707 1531 952 1582; x_wconf 87' lang='lat' dir='ltr'>cernetur</span> <span class='ocrx_word' id='word_1_118' title='bbox 989 1528 1166 1580; x_wconf 85' lang='lat' dir='ltr'>forma</span> <span class='ocrx_word' id='word_1_119' title='bbox 1205 1527 1332 1597; x_wconf 85' lang='lat' dir='ltr'>diei,</span> 
     </span>
    </p>

    <p class='ocr_par' dir='ltr' id='par_1_10' title="bbox 187 1601 1828 1819">
     <span class='ocr_line' id='line_1_24' title="bbox 189 1601 1455 1672; baseline 0 -18"><span class='ocrx_word' id='word_1_120' title='bbox 189 1602 404 1671; x_wconf 87' lang='lat' dir='ltr'>qualem</span> <span class='ocrx_word' id='word_1_121' title='bbox 442 1601 711 1656; x_wconf 87' lang='lat' dir='ltr'>fraternos</span> <span class='ocrx_word' id='word_1_122' title='bbox 751 1602 1040 1655; x_wconf 88' lang='lat' dir='ltr'>subtexens</span> <span class='ocrx_word' id='word_1_123' title='bbox 1079 1602 1209 1654; x_wconf 90' lang='lat' dir='ltr'>luna</span> <span class='ocrx_word' id='word_1_124' title='bbox 1246 1602 1455 1672; x_wconf 89' lang='lat' dir='ltr'>iugales</span> 
     </span>
     <span class='ocr_line' id='line_1_25' title="bbox 187 1675 1828 1744; baseline 0.002 -17"><span class='ocrx_word' id='word_1_125' title='bbox 187 1676 361 1728; x_wconf 90' lang='lat' dir='ltr'>lucem</span> <span class='ocrx_word' id='word_1_126' title='bbox 399 1675 643 1730; x_wconf 85' lang='lat' dir='ltr'>hebetat:</span> <span class='ocrx_word' id='word_1_127' title='bbox 686 1676 833 1729; x_wconf 89' lang='lat' dir='ltr'>subit</span> <span class='ocrx_word' id='word_1_128' title='bbox 870 1675 1003 1728; x_wconf 89' lang='lat' dir='ltr'>haec</span> <span class='ocrx_word' id='word_1_129' title='bbox 1044 1676 1222 1744; x_wconf 85' lang='lat' dir='ltr'>superi</span> <span class='ocrx_word' id='word_1_130' title='bbox 1263 1694 1415 1729; x_wconf 88' lang='lat' dir='ltr'>sacra</span> <span class='ocrx_word' id='word_1_131' title='bbox 1453 1676 1658 1729; x_wconf 90' lang='lat' dir='ltr'>lumina</span> <span class='ocrx_word' id='word_1_132' title='bbox 1699 1677 1828 1730; x_wconf 89' lang='lat' dir='ltr'>solis</span> 
     </span>
     <span class='ocr_line' id='line_1_26' title="bbox 187 1748 1574 1819; baseline 0.001 -18"><span class='ocrx_word' id='word_1_133' title='bbox 187 1748 412 1802; x_wconf 85' lang='lat' dir='ltr'>inferior</span> <span class='ocrx_word' id='word_1_134' title='bbox 450 1750 764 1819; x_wconf 90' lang='lat' dir='ltr'>mediaeque</span> <span class='ocrx_word' id='word_1_135' title='bbox 802 1749 1097 1802; x_wconf 88' lang='lat' dir='ltr'>interstans</span> <span class='ocrx_word' id='word_1_136' title='bbox 1136 1750 1405 1819; x_wconf 87' lang='lat' dir='ltr'>lampadis</span> <span class='ocrx_word' id='word_1_137' title='bbox 1446 1750 1574 1803; x_wconf 91' lang='lat' dir='ltr'>orbe</span> 
     </span>
    </p>
   </div>
   <div class='ocr_carea' id='block_1_6' title="bbox 187 1913 542 1919">
    <p class='ocr_par' dir='ltr' id='par_1_11' title="bbox 187 1913 542 1919">
     <span class='ocr_line' id='line_1_27' title="bbox 187 1913 542 1919; baseline 0 0"><span class='ocrx_word' id='word_1_138' title='bbox 187 1913 542 1919; x_wconf 95' lang='lat' dir='ltr'> </span> 
     </span>
    </p>
   </div>
   <div class='ocr_carea' id='block_1_7' title="bbox 187 2026 1880 2837">
    <p class='ocr_par' dir='ltr' id='par_1_12' title="bbox 187 2026 1880 2837">
     <span class='ocr_line' id='line_1_28' title="bbox 308 2026 1877 2085; baseline 0.001 -15"><span class='ocrx_word' id='word_1_139' title='bbox 308 2031 420 2071; x_wconf 92' lang='lat'>1611</span> <span class='ocrx_word' id='word_1_140' title='bbox 456 2027 626 2071; x_wconf 87' lang='lat' dir='ltr'>cadens</span> <span class='ocrx_word' id='word_1_141' title='bbox 658 2041 679 2071; x_wconf 89' lang='lat' dir='ltr'>e</span> <span class='ocrx_word' id='word_1_142' title='bbox 712 2026 866 2072; x_wconf 84' lang='lat' dir='ltr'>calens</span> <span class='ocrx_word' id='word_1_143' title='bbox 888 2028 933 2071; x_wconf 92' lang='lat' dir='ltr'><strong><em>A</em></strong></span> <span class='ocrx_word' id='word_1_144' title='bbox 957 2029 973 2084; x_wconf 84' lang='grc' dir='ltr'>ΙΙ</span> <span class='ocrx_word' id='word_1_145' title='bbox 995 2041 1115 2085; x_wconf 87' lang='grc'>111113</span> <span class='ocrx_word' id='word_1_146' title='bbox 1144 2041 1167 2072; x_wconf 88' lang='grc'>6</span> <span class='ocrx_word' id='word_1_147' title='bbox 1197 2040 1314 2085; x_wconf 85' lang='grc'>11313</span> <span class='ocrx_word' id='word_1_148' title='bbox 1336 2028 1382 2071; x_wconf 87' lang='lat' dir='ltr'><strong><em>A</em></strong></span> <span class='ocrx_word' id='word_1_149' title='bbox 1519 2032 1631 2072; x_wconf 90' lang='lat'>1612</span> <span class='ocrx_word' id='word_1_150' title='bbox 1658 2027 1877 2085; x_wconf 86' lang='lat' dir='ltr'>displosis</span> 
     </span>
     <span class='ocr_line' id='line_1_29' title="bbox 188 2085 1879 2143; baseline -0.001 -12"><span class='ocrx_word' id='word_1_151' title='bbox 188 2100 209 2131; x_wconf 86' lang='lat' dir='ltr'>e</span> <span class='ocrx_word' id='word_1_152' title='bbox 242 2085 434 2143; x_wconf 86' lang='lat' dir='ltr'>diplosis</span> <span class='ocrx_word' id='word_1_153' title='bbox 466 2086 511 2129; x_wconf 88' lang='lat' dir='ltr'><strong><em>A</em></strong></span> <span class='ocrx_word' id='word_1_154' title='bbox 535 2087 550 2142; x_wconf 89' lang='grc' dir='ltr'>ΙΙ</span> <span class='ocrx_word' id='word_1_155' title='bbox 574 2086 746 2130; x_wconf 89' lang='lat' dir='ltr'>etenim</span> <span class='ocrx_word' id='word_1_156' title='bbox 778 2101 800 2131; x_wconf 90' lang='grc'>6</span> <span class='ocrx_word' id='word_1_157' title='bbox 833 2087 913 2130; x_wconf 87' lang='grc'>86(1</span> <span class='ocrx_word' id='word_1_158' title='bbox 945 2087 1067 2131; x_wconf 82' lang='grc'>6111111</span> <span class='ocrx_word' id='word_1_159' title='bbox 1100 2087 1145 2130; x_wconf 93' lang='lat' dir='ltr'><strong><em>A</em></strong></span> <span class='ocrx_word' id='word_1_160' title='bbox 1257 2091 1373 2130; x_wconf 85' lang='lat'>1614</span> <span class='ocrx_word' id='word_1_161' title='bbox 1405 2086 1703 2131; x_wconf 85' lang='lat' dir='ltr'>disiectarum</span> <span class='ocrx_word' id='word_1_162' title='bbox 1733 2101 1755 2131; x_wconf 87' lang='lat' dir='ltr'>e</span> <span class='ocrx_word' id='word_1_163' title='bbox 1786 2086 1879 2131; x_wconf 90' lang='lat' dir='ltr'>dis-</span> 
     </span>
     <span class='ocr_line' id='line_1_30' title="bbox 188 2145 1879 2203; baseline 0.001 -14"><span class='ocrx_word' id='word_1_164' title='bbox 188 2146 419 2190; x_wconf 87' lang='lat' dir='ltr'>sectarum</span> <span class='ocrx_word' id='word_1_165' title='bbox 459 2146 504 2189; x_wconf 90' lang='lat' dir='ltr'><strong><em>A</em></strong></span> <span class='ocrx_word' id='word_1_166' title='bbox 657 2149 770 2190; x_wconf 86' lang='lat'>1615</span> <span class='ocrx_word' id='word_1_167' title='bbox 819 2146 946 2190; x_wconf 88' lang='lat' dir='ltr'>exuti</span> <span class='ocrx_word' id='word_1_168' title='bbox 993 2160 1015 2189; x_wconf 93' lang='grc'>6</span> <span class='ocrx_word' id='word_1_169' title='bbox 1061 2147 1108 2190; x_wconf 90' lang='lat' dir='ltr'>et</span> <span class='ocrx_word' id='word_1_170' title='bbox 1153 2145 1224 2190; x_wconf 87' lang='lat' dir='ltr'>uti</span> <span class='ocrx_word' id='word_1_171' title='bbox 1269 2145 1316 2189; x_wconf 92' lang='lat' dir='ltr'><strong><em>A</em></strong></span> <span class='ocrx_word' id='word_1_172' title='bbox 1346 2147 1360 2203; x_wconf 75' lang='lat' dir='ltr'>ss</span> <span class='ocrx_word' id='word_1_173' title='bbox 1400 2146 1652 2190; x_wconf 86' lang='lat' dir='ltr'>clarescere</span> <span class='ocrx_word' id='word_1_174' title='bbox 1691 2160 1713 2190; x_wconf 89' lang='lat' dir='ltr'>e</span> <span class='ocrx_word' id='word_1_175' title='bbox 1751 2146 1879 2190; x_wconf 85' lang='lat' dir='ltr'>calor</span> 
     </span>
     <span class='ocr_line' id='line_1_31' title="bbox 188 2204 1880 2261; baseline 0.001 -13"><span class='ocrx_word' id='word_1_176' title='bbox 188 2217 343 2249; x_wconf 88' lang='grc'>386616</span> <span class='ocrx_word' id='word_1_177' title='bbox 381 2204 427 2248; x_wconf 92' lang='lat' dir='ltr'><strong><em>A</em></strong></span> <span class='ocrx_word' id='word_1_178' title='bbox 574 2208 686 2249; x_wconf 90' lang='lat'>1616</span> <span class='ocrx_word' id='word_1_179' title='bbox 728 2205 840 2261; x_wconf 89' lang='lat' dir='ltr'>quin</span> <span class='ocrx_word' id='word_1_180' title='bbox 878 2219 904 2248; x_wconf 86' lang='grc' dir='ltr'><strong><em>υ</em></strong></span> <span class='ocrx_word' id='word_1_181' title='bbox 945 2204 1058 2248; x_wconf 89' lang='lat' dir='ltr'>Cum</span> <span class='ocrx_word' id='word_1_182' title='bbox 1097 2205 1142 2248; x_wconf 90' lang='lat' dir='ltr'><strong><em>A</em></strong></span> <span class='ocrx_word' id='word_1_183' title='bbox 1185 2204 1274 2258; x_wconf 81' lang='lat' dir='ltr'>Qui</span> <span class='ocrx_word' id='word_1_184' title='bbox 1313 2219 1334 2249; x_wconf 87' lang='grc'>6</span> <span class='ocrx_word' id='word_1_185' title='bbox 1478 2209 1590 2249; x_wconf 81' lang='lat'>1617</span> <span class='ocrx_word' id='word_1_186' title='bbox 1631 2218 1817 2250; x_wconf 88' lang='lat' dir='ltr'>noscere</span> <span class='ocrx_word' id='word_1_187' title='bbox 1857 2218 1880 2249; x_wconf 88' lang='lat' dir='ltr'>e</span> 
     </span>
     <span class='ocr_line' id='line_1_32' title="bbox 187 2262 1879 2321; baseline -0.001 -13"><span class='ocrx_word' id='word_1_188' title='bbox 187 2276 270 2308; x_wconf 87' lang='lat' dir='ltr'>om.</span> <span class='ocrx_word' id='word_1_189' title='bbox 296 2264 341 2307; x_wconf 91' lang='lat' dir='ltr'><strong><em>A</em></strong></span> <span class='ocrx_word' id='word_1_190' title='bbox 433 2266 545 2307; x_wconf 88' lang='grc'>1618</span> <span class='ocrx_word' id='word_1_191' title='bbox 578 2263 749 2307; x_wconf 87' lang='lat' dir='ltr'>deferri</span> <span class='ocrx_word' id='word_1_192' title='bbox 778 2278 804 2308; x_wconf 84' lang='grc' dir='ltr'><strong><em>υ</em></strong></span> <span class='ocrx_word' id='word_1_193' title='bbox 837 2277 919 2308; x_wconf 85' lang='lat' dir='ltr'>om.</span> <span class='ocrx_word' id='word_1_194' title='bbox 945 2264 990 2307; x_wconf 93' lang='lat' dir='ltr'><strong><em>A</em></strong></span> <span class='ocrx_word' id='word_1_195' title='bbox 1015 2262 1084 2307; x_wconf 88' lang='lat' dir='ltr'>De</span> <span class='ocrx_word' id='word_1_196' title='bbox 1117 2262 1204 2307; x_wconf 82' lang='lat' dir='ltr'>seri</span> <span class='ocrx_word' id='word_1_197' title='bbox 1235 2278 1256 2306; x_wconf 98' lang='grc'>6</span> <span class='ocrx_word' id='word_1_198' title='bbox 1279 2264 1292 2319; x_wconf 92' lang='grc' dir='ltr'>ΙΙ</span> <span class='ocrx_word' id='word_1_199' title='bbox 1317 2263 1540 2320; x_wconf 88' lang='lat' dir='ltr'>spectaris</span> <span class='ocrx_word' id='word_1_200' title='bbox 1572 2277 1594 2307; x_wconf 89' lang='grc'>6</span> <span class='ocrx_word' id='word_1_201' title='bbox 1625 2263 1879 2321; x_wconf 88' lang='lat' dir='ltr'>spectantis</span> 
     </span>
     <span class='ocr_line' id='line_1_33' title="bbox 187 2322 1878 2380; baseline 0 -14"><span class='ocrx_word' id='word_1_202' title='bbox 187 2322 233 2366; x_wconf 94' lang='lat' dir='ltr'><strong><em>A</em></strong></span> <span class='ocrx_word' id='word_1_203' title='bbox 357 2327 471 2366; x_wconf 89' lang='lat'>1620</span> <span class='ocrx_word' id='word_1_204' title='bbox 511 2335 677 2366; x_wconf 88' lang='lat' dir='ltr'>occasu</span> <span class='ocrx_word' id='word_1_205' title='bbox 716 2337 737 2366; x_wconf 89' lang='grc'>6</span> <span class='ocrx_word' id='word_1_206' title='bbox 776 2323 866 2367; x_wconf 87' lang='lat' dir='ltr'>hoc</span> <span class='ocrx_word' id='word_1_207' title='bbox 905 2335 1016 2367; x_wconf 88' lang='grc'>03811</span> <span class='ocrx_word' id='word_1_208' title='bbox 1046 2324 1091 2366; x_wconf 93' lang='lat' dir='ltr'><strong><em>A</em></strong></span> <span class='ocrx_word' id='word_1_209' title='bbox 1216 2327 1326 2367; x_wconf 89' lang='lat'>1621</span> <span class='ocrx_word' id='word_1_210' title='bbox 1360 2336 1501 2379; x_wconf 88' lang='lat' dir='ltr'>puras</span> <span class='ocrx_word' id='word_1_211' title='bbox 1533 2336 1555 2366; x_wconf 88' lang='grc'>6</span> <span class='ocrx_word' id='word_1_212' title='bbox 1585 2324 1758 2379; x_wconf 88' lang='lat' dir='ltr'>primas</span> <span class='ocrx_word' id='word_1_213' title='bbox 1788 2323 1832 2366; x_wconf 92' lang='lat' dir='ltr'><strong><em>A</em></strong></span> <span class='ocrx_word' id='word_1_214' title='bbox 1862 2322 1878 2380; x_wconf 82' lang='grc' dir='ltr'>ΙΙ</span> 
     </span>
     <span class='ocr_line' id='line_1_34' title="bbox 189 2380 1877 2438; baseline 0 -14"><span class='ocrx_word' id='word_1_215' title='bbox 189 2381 360 2425; x_wconf 85' lang='lat' dir='ltr'>condat</span> <span class='ocrx_word' id='word_1_216' title='bbox 392 2381 581 2426; x_wconf 76' lang='lat' dir='ltr'>Grotius</span> <span class='ocrx_word' id='word_1_217' title='bbox 613 2380 771 2426; x_wconf 88' lang='lat' dir='ltr'>condit</span> <span class='ocrx_word' id='word_1_218' title='bbox 802 2382 847 2426; x_wconf 91' lang='lat' dir='ltr'><strong><em>A</em></strong></span> <span class='ocrx_word' id='word_1_219' title='bbox 940 2386 1054 2425; x_wconf 89' lang='lat'>1623</span> <span class='ocrx_word' id='word_1_220' title='bbox 1085 2381 1271 2437; x_wconf 85' lang='lat' dir='ltr'>tinguat</span> <span class='ocrx_word' id='word_1_221' title='bbox 1301 2396 1322 2425; x_wconf 88' lang='grc'>6</span> <span class='ocrx_word' id='word_1_222' title='bbox 1351 2382 1507 2438; x_wconf 86' lang='lat' dir='ltr'>tingat</span> <span class='ocrx_word' id='word_1_223' title='bbox 1535 2381 1581 2424; x_wconf 88' lang='lat' dir='ltr'><strong><em>A</em></strong></span> <span class='ocrx_word' id='word_1_224' title='bbox 1605 2383 1619 2438; x_wconf 81' lang='grc' dir='ltr'>Η</span> <span class='ocrx_word' id='word_1_225' title='bbox 1643 2380 1877 2438; x_wconf 83' lang='lat' dir='ltr'>inlapsum</span> 
     </span>
     <span class='ocr_line' id='line_1_35' title="bbox 188 2439 1877 2497; baseline -0.002 -12"><span class='ocrx_word' id='word_1_226' title='bbox 188 2441 368 2485; x_wconf 75' lang='lat' dir='ltr'>correxi</span> <span class='ocrx_word' id='word_1_227' title='bbox 396 2439 617 2496; x_wconf 89' lang='lat' dir='ltr'>illapsum</span> <span class='ocrx_word' id='word_1_228' title='bbox 642 2440 888 2485; x_wconf 80' lang='lat' dir='ltr'>Schraderi</span> <span class='ocrx_word' id='word_1_229' title='bbox 918 2441 1264 2485; x_wconf 74' lang='lat' dir='ltr'>commentarius</span> <span class='ocrx_word' id='word_1_230' title='bbox 1287 2440 1437 2486; x_wconf 81' lang='lat' dir='ltr'>Berol.</span> <span class='ocrx_word' id='word_1_231' title='bbox 1470 2441 1518 2483; x_wconf 91' lang='lat' dir='ltr'>in</span> <span class='ocrx_word' id='word_1_232' title='bbox 1550 2441 1735 2497; x_wconf 86' lang='lat' dir='ltr'>lapsum</span> <span class='ocrx_word' id='word_1_233' title='bbox 1758 2441 1804 2483; x_wconf 90' lang='lat' dir='ltr'><strong><em>A</em></strong></span> <span class='ocrx_word' id='word_1_234' title='bbox 1828 2439 1877 2483; x_wconf 90' lang='lat' dir='ltr'>in</span> 
     </span>
     <span class='ocr_line' id='line_1_36' title="bbox 187 2497 1876 2556; baseline 0.001 -15"><span class='ocrx_word' id='word_1_235' title='bbox 187 2497 317 2555; x_wconf 83' lang='lat' dir='ltr'>lapsu</span> <span class='ocrx_word' id='word_1_236' title='bbox 349 2513 371 2543; x_wconf 88' lang='grc'>6</span> <span class='ocrx_word' id='word_1_237' title='bbox 464 2504 578 2542; x_wconf 86' lang='grc'>1624</span> <span class='ocrx_word' id='word_1_238' title='bbox 608 2512 790 2555; x_wconf 88' lang='lat' dir='ltr'>noxque</span> <span class='ocrx_word' id='word_1_239' title='bbox 823 2514 844 2543; x_wconf 89' lang='grc'>6</span> <span class='ocrx_word' id='word_1_240' title='bbox 867 2500 1064 2554; x_wconf 87' lang='lat' dir='ltr'>Nanque</span> <span class='ocrx_word' id='word_1_241' title='bbox 1089 2500 1133 2542; x_wconf 89' lang='lat' dir='ltr'><strong><em>A</em></strong></span> <span class='ocrx_word' id='word_1_242' title='bbox 1250 2503 1363 2543; x_wconf 83' lang='lat'>1625</span> <span class='ocrx_word' id='word_1_243' title='bbox 1397 2500 1608 2555; x_wconf 84' lang='lat' dir='ltr'>expertes</span> <span class='ocrx_word' id='word_1_244' title='bbox 1640 2513 1661 2543; x_wconf 97' lang='grc'>6</span> <span class='ocrx_word' id='word_1_245' title='bbox 1692 2500 1740 2542; x_wconf 84' lang='lat' dir='ltr'>et</span> <span class='ocrx_word' id='word_1_246' title='bbox 1769 2499 1876 2556; x_wconf 83' lang='lat' dir='ltr'>ptes</span> 
     </span>
     <span class='ocr_line' id='line_1_37' title="bbox 188 2557 1876 2614; baseline -0.001 -13"><span class='ocrx_word' id='word_1_247' title='bbox 188 2558 232 2601; x_wconf 92' lang='lat' dir='ltr'><strong><em>A</em></strong></span> <span class='ocrx_word' id='word_1_248' title='bbox 258 2558 317 2611; x_wconf 80' lang='lat' dir='ltr'>cf.</span> <span class='ocrx_word' id='word_1_249' title='bbox 342 2557 530 2602; x_wconf 79' lang='lat' dir='ltr'>Hermes</span> <span class='ocrx_word' id='word_1_250' title='bbox 556 2558 707 2600; x_wconf 90' lang='lat' dir='ltr'><strong><em>XIII</em></strong></span> <span class='ocrx_word' id='word_1_251' title='bbox 723 2572 767 2614; x_wconf 81' lang='lat' dir='ltr'>p.</span> <span class='ocrx_word' id='word_1_252' title='bbox 795 2561 884 2603; x_wconf 86' lang='lat'>359</span> <span class='ocrx_word' id='word_1_253' title='bbox 908 2573 954 2602; x_wconf 74' lang='lat' dir='ltr'>n.</span> <span class='ocrx_word' id='word_1_254' title='bbox 980 2561 1040 2603; x_wconf 86' lang='lat'>37</span> <span class='ocrx_word' id='word_1_255' title='bbox 1064 2563 1104 2601; x_wconf 81' lang='lat' dir='ltr'>et</span> <span class='ocrx_word' id='word_1_256' title='bbox 1130 2557 1296 2614; x_wconf 75' lang='lat' dir='ltr'>XVp.</span> <span class='ocrx_word' id='word_1_257' title='bbox 1323 2561 1414 2603; x_wconf 79' lang='lat'>182</span> <span class='ocrx_word' id='word_1_258' title='bbox 1437 2572 1481 2602; x_wconf 73' lang='lat' dir='ltr'>n.</span> <span class='ocrx_word' id='word_1_259' title='bbox 1509 2562 1567 2602; x_wconf 91' lang='lat'>51</span> <span class='ocrx_word' id='word_1_260' title='bbox 1632 2562 1745 2601; x_wconf 88' lang='lat'>1626</span> <span class='ocrx_word' id='word_1_261' title='bbox 1771 2570 1876 2600; x_wconf 90' lang='lat' dir='ltr'>cum</span> 
     </span>
     <span class='ocr_line' id='line_1_38' title="bbox 188 2616 1876 2674; baseline -0.001 -13"><span class='ocrx_word' id='word_1_262' title='bbox 188 2630 210 2661; x_wconf 85' lang='lat' dir='ltr'>e</span> <span class='ocrx_word' id='word_1_263' title='bbox 241 2616 350 2660; x_wconf 91' lang='lat' dir='ltr'>dum</span> <span class='ocrx_word' id='word_1_264' title='bbox 381 2617 427 2659; x_wconf 93' lang='lat' dir='ltr'><strong><em>A</em></strong></span> <span class='ocrx_word' id='word_1_265' title='bbox 551 2621 662 2660; x_wconf 84' lang='grc'>1627</span> <span class='ocrx_word' id='word_1_266' title='bbox 695 2617 889 2674; x_wconf 85' lang='lat' dir='ltr'>languet</span> <span class='ocrx_word' id='word_1_267' title='bbox 920 2632 941 2660; x_wconf 86' lang='grc'>6</span> <span class='ocrx_word' id='word_1_268' title='bbox 972 2617 1195 2674; x_wconf 85' lang='lat' dir='ltr'>langueat</span> <span class='ocrx_word' id='word_1_269' title='bbox 1225 2619 1270 2660; x_wconf 87' lang='lat' dir='ltr'><strong><em>A</em></strong></span> <span class='ocrx_word' id='word_1_270' title='bbox 1302 2619 1316 2673; x_wconf 74' lang='grc' dir='ltr'>Η</span> <span class='ocrx_word' id='word_1_271' title='bbox 1350 2617 1397 2660; x_wconf 88' lang='grc'>111</span> <span class='ocrx_word' id='word_1_272' title='bbox 1428 2630 1454 2661; x_wconf 81' lang='lat' dir='ltr'><strong><em>v</em></strong></span> <span class='ocrx_word' id='word_1_273' title='bbox 1486 2629 1570 2661; x_wconf 84' lang='lat' dir='ltr'>om.</span> <span class='ocrx_word' id='word_1_274' title='bbox 1601 2617 1686 2661; x_wconf 86' lang='lat' dir='ltr'>Ae</span> <span class='ocrx_word' id='word_1_275' title='bbox 1708 2616 1723 2671; x_wconf 91' lang='grc' dir='ltr'>ΙΙ</span> <span class='ocrx_word' id='word_1_276' title='bbox 1746 2616 1876 2660; x_wconf 87' lang='lat' dir='ltr'>tenui</span> 
     </span>
     <span class='ocr_line' id='line_1_39' title="bbox 188 2675 1876 2720; baseline 0 -2"><span class='ocrx_word' id='word_1_277' title='bbox 188 2690 210 2718; x_wconf 90' lang='grc'>6</span> <span class='ocrx_word' id='word_1_278' title='bbox 239 2675 404 2718; x_wconf 87' lang='lat' dir='ltr'>tenuat</span> <span class='ocrx_word' id='word_1_279' title='bbox 433 2675 479 2718; x_wconf 93' lang='lat' dir='ltr'><strong><em>A</em></strong></span> <span class='ocrx_word' id='word_1_280' title='bbox 590 2680 702 2719; x_wconf 88' lang='grc'>1630</span> <span class='ocrx_word' id='word_1_281' title='bbox 733 2676 960 2720; x_wconf 86' lang='lat' dir='ltr'>fraternos</span> <span class='ocrx_word' id='word_1_282' title='bbox 992 2690 1013 2720; x_wconf 89' lang='lat' dir='ltr'>e</span> <span class='ocrx_word' id='word_1_283' title='bbox 1042 2689 1134 2720; x_wconf 86' lang='lat' dir='ltr'>nox</span> <span class='ocrx_word' id='word_1_284' title='bbox 1164 2675 1352 2719; x_wconf 89' lang='lat' dir='ltr'>fratrem</span> <span class='ocrx_word' id='word_1_285' title='bbox 1385 2675 1430 2719; x_wconf 89' lang='lat' dir='ltr'><strong><em>A</em></strong></span> <span class='ocrx_word' id='word_1_286' title='bbox 1538 2680 1650 2719; x_wconf 88' lang='lat'>1631</span> <span class='ocrx_word' id='word_1_287' title='bbox 1684 2675 1876 2719; x_wconf 83' lang='lat' dir='ltr'>hebetat</span> 
     </span>
     <span class='ocr_line' id='line_1_40' title="bbox 189 2733 1877 2790; baseline -0.001 -13"><span class='ocrx_word' id='word_1_288' title='bbox 189 2747 214 2777; x_wconf 88' lang='grc' dir='ltr'><strong><em>υ</em></strong></span> <span class='ocrx_word' id='word_1_289' title='bbox 252 2733 438 2777; x_wconf 87' lang='lat' dir='ltr'>habitat</span> <span class='ocrx_word' id='word_1_290' title='bbox 466 2734 511 2777; x_wconf 92' lang='lat' dir='ltr'><strong><em>A</em></strong></span> <span class='ocrx_word' id='word_1_291' title='bbox 529 2747 550 2777; x_wconf 88' lang='grc'>6</span> <span class='ocrx_word' id='word_1_292' title='bbox 672 2739 785 2778; x_wconf 88' lang='grc'>1632</span> <span class='ocrx_word' id='word_1_293' title='bbox 824 2734 1014 2778; x_wconf 88' lang='lat' dir='ltr'>inferior</span> <span class='ocrx_word' id='word_1_294' title='bbox 1044 2748 1065 2777; x_wconf 90' lang='grc'>6</span> <span class='ocrx_word' id='word_1_295' title='bbox 1095 2733 1286 2779; x_wconf 82' lang='lat' dir='ltr'>inferius</span> <span class='ocrx_word' id='word_1_296' title='bbox 1317 2735 1362 2778; x_wconf 94' lang='lat' dir='ltr'><strong><em>A</em></strong></span> <span class='ocrx_word' id='word_1_297' title='bbox 1393 2735 1408 2790; x_wconf 87' lang='grc' dir='ltr'>ΙΙ</span> <span class='ocrx_word' id='word_1_298' title='bbox 1437 2734 1685 2778; x_wconf 86' lang='lat' dir='ltr'>interstans</span> <span class='ocrx_word' id='word_1_299' title='bbox 1714 2747 1740 2778; x_wconf 83' lang='lat' dir='ltr'><strong><em>v</em></strong></span> <span class='ocrx_word' id='word_1_300' title='bbox 1773 2734 1877 2777; x_wconf 85' lang='lat' dir='ltr'>uter</span> 
     </span>
     <span class='ocr_line' id='line_1_41' title="bbox 188 2791 753 2837; baseline 0.004 -2"><span class='ocrx_word' id='word_1_301' title='bbox 188 2796 317 2836; x_wconf 87' lang='lat' dir='ltr'>trans</span> <span class='ocrx_word' id='word_1_302' title='bbox 350 2793 394 2835; x_wconf 89' lang='lat' dir='ltr'><strong><em>A</em></strong></span> <span class='ocrx_word' id='word_1_303' title='bbox 428 2793 548 2836; x_wconf 88' lang='lat' dir='ltr'>inter</span> <span class='ocrx_word' id='word_1_304' title='bbox 579 2791 699 2836; x_wconf 83' lang='lat' dir='ltr'>stans</span> <span class='ocrx_word' id='word_1_305' title='bbox 732 2807 753 2837; x_wconf 85' lang='grc'>6</span> 
     </span>
    </p>
   </div>
   <div class='ocr_carea' id='block_1_8' title="bbox 1902 513 1940 547">
    <p class='ocr_par' dir='ltr' id='par_1_13' title="bbox 1902 513 1940 547">
     <span class='ocr_line' id='line_1_42' title="bbox 1902 513 1940 547; baseline 0.053 -2"><span class='ocrx_word' id='word_1_306' title='bbox 1902 513 1940 547; x_wconf 79' lang='grc'>29</span> 
     </span>
    </p>
   </div>
   <div class='ocr_carea' id='block_1_9' title="bbox 1901 880 1940 915">
    <p class='ocr_par' dir='ltr' id='par_1_14' title="bbox 1901 880 1940 915">
     <span class='ocr_line' id='line_1_43' title="bbox 1901 880 1940 915; baseline 0.026 -1"><span class='ocrx_word' id='word_1_307' title='bbox 1901 880 1940 915; x_wconf 75' lang='grc'>29</span> 
     </span>
    </p>
   </div>
   <div class='ocr_carea' id='block_1_10' title="bbox 1902 1250 1940 1283">
    <p class='ocr_par' dir='ltr' id='par_1_15' title="bbox 1902 1250 1940 1283">
     <span class='ocr_line' id='line_1_44' title="bbox 1902 1250 1940 1283; baseline 0 0"><span class='ocrx_word' id='word_1_308' title='bbox 1902 1250 1940 1283; x_wconf 78' lang='lat'>30</span> 
     </span>
    </p>
   </div>
   <div class='ocr_carea' id='block_1_11' title="bbox 1898 1618 1940 1651">
    <p class='ocr_par' dir='ltr' id='par_1_16' title="bbox 1898 1618 1940 1651">
     <span class='ocr_line' id='line_1_45' title="bbox 1898 1618 1940 1651; baseline 0 0"><span class='ocrx_word' id='word_1_309' title='bbox 1898 1618 1940 1651; x_wconf 85' lang='lat'>30</span> 
     </span>
    </p>
   </div>
  </div>
 </body>
</html>
