1940 3072
243 64 308 117 16
702 66 972 111 PHAEDRI
1005 66 1378 114 FABVLARVM

238 192 295 242 In
319 192 650 241 Misenensem
673 190 838 240 villam
862 191 1079 240 venisset
1104 206 1256 250 suam,

237 261 371 319 Quae
398 267 563 311 monte
589 275 781 311 summo
805 261 964 326 posita
986 260 1180 311 Luculli
1205 277 1356 313 manu

237 329 529 397 Prospectat
554 330 777 380 Siculum
802 335 852 379 et
875 331 1084 395 respicit
1107 330 1324 383 Tuscum
1347 346 1507 384 mare:

237 401 312 451 Ex
336 402 603 451 alticinctis
627 415 754 450 unus
780 398 1101 457 atriensibus,

237 471 329 521 Cui
355 472 521 521 tunica
547 469 609 522 ab
635 471 823 520 umeris
847 470 1003 520 linteo
1026 468 1229 521 Pelusio

237 540 357 590 Erat
382 541 641 598 destricta,
669 541 818 590 cirris
844 539 1253 605 dependentibuS,

236 609 619 660 Perambulante
644 609 771 659 laeta
797 609 994 659 domino
1020 609 1213 668 viridia,

237 679 435 730 Alveolo
460 682 623 745 coepit
644 678 810 744 ligneo
835 694 1167 746 conspergere

237 750 453 800 Humum
478 756 808 807 aestuantem,
836 764 974 800 come
1001 751 1219 801 officium
1242 751 1503 812 iactitans:

238 820 337 869 Sed
362 820 638 870 deridetur.
688 820 810 869 Inde
835 823 966 870 notis
990 819 1205 870 flexibus

236 890 522 940 Praecurrit
546 890 695 940 alium
720 892 772 940 in
796 896 1017 955 xystum,
1043 890 1222 940 sedans
1245 891 1517 956 pulverem.

236 962 473 1023 Agnoscit
496 960 747 1010 hominem
771 960 950 1011 Caesar
973 976 1178 1026 remque
1203 961 1461 1026 intellegit.

237 1030 284 1079 Is
307 1036 363 1078 ut
386 1032 578 1094 putavit
602 1045 710 1080 esse
735 1032 904 1080 nescio
930 1030 1051 1096 quid
1076 1030 1219 1080 boni:

236 1099 393 1149 Heus!
429 1101 593 1165 inquit
618 1100 861 1149 dominus,
910 1099 999 1149 Ille
1025 1102 1278 1150 enimvero
1303 1101 1484 1159 adsilit,

237 1169 522 1219 Donationis
547 1169 711 1219 alacer
737 1176 902 1219 certae
925 1169 1121 1233 gaudio.

236 1238 365 1288 Tum
389 1240 460 1289 sic
485 1241 646 1289 iocata
671 1245 746 1290 est
770 1244 906 1289 tanta
930 1241 1164 1291 maiestas
1190 1240 1357 1290 ducis:

235 1308 345 1358 Non
369 1309 579 1359 multum
604 1310 750 1373 egisti
775 1315 827 1359 et
851 1324 1001 1374 opera
1025 1312 1327 1376 nequiquam
1349 1310 1504 1376 perit;

237 1378 386 1429 Multo
412 1381 615 1430 maioris
639 1379 806 1444 alapae
830 1394 1027 1430 mecum
1051 1386 1281 1431 veneunt.

814 1506 1133 1555 FABVLA
1168 1506 1257 1555 VI.

685 1588 958 1636 AQVILA
986 1587 1078 1629 13¹1·
1108 1586 1398 1630 CORNIX.

312 1659 492 1710 Contra
517 1665 745 1724 potentes
769 1673 914 1709 nemo
940 1664 1016 1708 est
1038 1660 1259 1709 munitus
1284 1661 1432 1718 satis;

241 1728 297 1778 Si
324 1744 439 1778 vero
466 1731 674 1780 accessit
698 1729 986 1780 consiliator
1011 1728 1276 1786 maleficus,

241 1800 326 1849 Vis
352 1805 401 1848 et
424 1800 643 1864 nequitia
669 1799 907 1865 quicquid
932 1805 1239 1864 oppugnant,
1267 1799 1384 1848 ruit.

310 1869 484 1934 Aquila
508 1871 561 1918 in
585 1868 797 1919 sublime
822 1868 1018 1919 sustulit
1039 1868 1355 1920 testudinem.

240 1939 375 1996 Quae
403 1954 515 1988 cum
540 1938 814 1989 abdidisset
838 1954 1019 1989 cornea
1044 1954 1223 2004 corpus
1250 1938 1393 1988 domo

240 2009 345 2059 Nec
368 2009 467 2058 ullo
492 2014 635 2074 pacto
659 2009 790 2058 laedi
813 2016 981 2073 posset
1005 2009 1219 2066 condita,

239 2076 385 2129 Venit
407 2094 498 2144 per
523 2093 665 2129 auras
691 2080 864 2128 cornix
890 2085 939 2128 et
961 2085 1168 2145 propter
1192 2078 1387 2129 volans:

240 2149 466 2213 Opimam
492 2164 608 2198 sane
633 2148 866 2213 praedam
890 2150 1101 2214 rapuisti
1126 2148 1403 2212 unguibus;

242 2219 339 2268 Sed
363 2220 461 2269 nisi
485 2224 759 2268 monstraro
785 2218 904 2282 quid
929 2221 994 2268 sit
1017 2218 1297 2268 faciendum
1321 2218 1431 2277 tibi,

241 2289 389 2338 Gravi
412 2290 714 2354 nequiquam
738 2294 787 2336 te
813 2287 1018 2337 lassabit
1043 2288 1276 2353 pondere.

240 2358 490 2411 Promissa
514 2365 655 2423 parte
681 2357 878 2414 suadet,
906 2363 961 2406 ut
986 2357 1244 2423 scopulum
1269 2372 1418 2423 super

240 2428 364 2477 Altis
389 2427 451 2479 ab
477 2431 624 2479 astris
650 2428 822 2477 duram
845 2427 1023 2477 inlidat
1047 2429 1298 2485 corticem,

240 2497 345 2554 Qua
371 2500 651 2548 conminuta
676 2498 820 2547 facile
844 2504 1074 2548 vescatur
1102 2496 1230 2548 cib0.

239 2566 444 2617 Inducta
469 2568 635 2618 verbis
660 2567 845 2632 aqussa,
873 2570 1076 2619 monitis
1099 2570 1279 2633 paruit,

241 2636 400 2686 Simul
426 2643 475 2686 et
499 2639 763 2702 magistrae
787 2638 924 2703 largo
949 2637 1115 2688 divisit
1140 2638 1333 2704 dapem.

241 2706 322 2754 Sic
347 2712 451 2756 tuta
477 2721 600 2772 quae
626 2713 830 2759 naturae
855 2709 1018 2759 fuerat
1041 2723 1265 2767 munere,

240 2774 385 2841 inpar
413 2775 601 2828 duabus
627 2779 811 2830 occidit
835 2780 968 2830 tristi
993 2793 1132 2830 nece.

1781 341 1834 384 10

1784 691 1838 733 15

1781 1040 1839 1083 20

1784 1391 1842 1433 25

1779 2296 1836 2339 10

1778 2643 1834 2687 15
