1940 3072
731 168 914 215 LIBER
946 170 984 218 1.
1174 163 1178 167 ⁴
1628 165 1665 218 9

62 297 234 350 Facile
257 296 550 362 inpetravit:
589 293 707 344 dein
730 295 1016 360 reposcenti
1041 293 1204 346 locum
1636 298 1666 341 5

63 368 246 419 Preces
270 366 511 423 admovit,
538 370 736 430 tempus
762 378 970 413 exorans
995 363 1163 421 breve,

65 437 190 488 Dum
213 438 460 487 firmiores
484 435 673 484 catulos
695 439 865 499 posset
889 434 1088 483 ducere.

65 507 173 558 Hoc
197 521 392 573 quoque
417 511 706 570 consumpto
732 504 956 568 flagitare
980 503 1195 554 validius

66 576 242 630 Cubile
268 577 449 642 coepit.
492 574 545 625 Si
569 575 696 624 mihi
721 580 772 624 et
795 573 971 623 turbae
995 589 1135 624 meae

65 646 185 706 Par,
212 648 399 712 inquit,
427 660 536 695 esse
561 646 807 710 potueriS,
835 644 1006 693 cedam
1032 644 1158 693 loco.
1616 648 1670 690 10

635 771 673 818 F
685 770 732 818 A
742 770 785 817 B
797 769 844 816 V
855 769 896 817 L
908 769 955 817 A
990 770 1096 817 XX.

558 850 785 894 CANES
815 850 1178 893 FAMELIGI.

140 924 355 975 Stultum
382 922 647 973 consilium
671 937 769 971 non
794 921 940 971 modo
966 922 1142 971 effectu
1164 927 1315 979 caret,

70 995 169 1045 Sed
195 995 255 1044 ad
280 994 557 1059 perniciem
582 1006 778 1058 quoque
804 991 1037 1041 mortales
1063 991 1282 1041 devocat.

2 1077 6 1080 ·
142 1065 341 1116 Corium
365 1063 656 1129 depressum
679 1063 733 1112 in
751 1061 900 1111 fluvio
923 1061 1158 1111 viderunt
1182 1076 1345 1112 canes».

71 1135 127 1185 Id
151 1141 206 1184 ut
230 1148 449 1184 comesse
476 1138 751 1183 extractum
774 1137 979 1197 possent
1001 1132 1210 1190 faciliuS,

75 1206 262 1270 Aquam
286 1218 496 1268 coepere
523 1201 752 1252 ebibere:
792 1202 880 1251 sed
904 1204 1038 1266 rupti
1063 1204 1205 1267 prius
1645 1207 1672 1248 5

73 1273 301 1332 Periere,
329 1287 475 1339 quam
501 1271 631 1338 quod
655 1274 904 1337 petierant
929 1274 1287 1335 contingerent.

633 1397 954 1447 FABVLA
990 1399 1122 1446 XXI.

168 1481 308 1523 LEO
340 1479 598 1530 SENEX,
629 1480 844 1530 APER,
875 1479 1158 1521 'I'AV'RVS
1188 1479 1279 1521 ET
1308 1478 1581 1522 ASINVS.

147 1551 455 1617 Quicumque
482 1553 648 1601 amisit
672 1551 963 1614 dignitatem
987 1552 1266 1615 pristinam,

78 1622 273 1688 Ignavis
299 1624 447 1671 etiam
472 1623 611 1671 iocus
636 1627 712 1670 est
735 1623 788 1669 in
814 1635 931 1670 casu
956 1622 1110 1683 gravi.

148 1692 380 1742 Defectus
406 1692 547 1741 annis
573 1696 624 1740 et
650 1691 874 1740 desertus
897 1689 1089 1740 viribus

79 1763 179 1815 Leo
205 1777 318 1811 cum
342 1764 530 1811 iaceret
553 1761 786 1827 spiritum
812 1766 1088 1810 extremum
1114 1759 1330 1819 trahenS,

81 1833 213 1898 Aper
237 1831 490 1881 fulmineis
514 1831 575 1881 ad
600 1846 714 1880 eum
737 1832 874 1880 venit
898 1830 1130 1880 dentibus
1652 1837 1681 1878 5

0 1933 6 1938 ι
82 1903 144 1953 Et
168 1901 435 1952 vindicavit
459 1903 563 1951 ictu
586 1907 806 1949 veterem
830 1901 1080 1952 iniuriam.

83 1973 282 2022 Infestis
307 1978 478 2022 taurus
503 1986 615 2020 mox
642 1970 863 2020 confodit
887 1969 1122 2019 cornibus

83 2041 273 2092 Hostile
299 2056 494 2107 corpuS.
547 2041 751 2097 Asinus,
777 2046 834 2089 ut
857 2039 981 2088 vidit
1004 2040 1167 2088 ferum

86 2112 273 2177 Inpune
298 2111 453 2168 laedi,
482 2110 703 2161 calcibus
728 2110 942 2159 frontem
969 2109 1175 2158 extudit.

86 2182 148 2232 At
171 2181 255 2231 ille
281 2183 563 2246 exspirans:
615 2181 791 2231 Fortes
813 2179 1017 2243 indigne
1042 2179 1133 2228 tuli
1631 2184 1685 2227 10

86 2251 208 2301 Mihi
233 2251 496 2301 insultare:
535 2256 609 2307 te,
635 2256 844 2300 naturae
871 2249 1099 2306 dedecuS,

93 2319 228 2379 Quod
254 2322 388 2371 ferre
414 2335 586 2384 cogor,
614 2326 750 2369 certe
776 2320 854 2370 bis
879 2319 1051 2369 videor
1075 2319 1218 2369 mori.

631 2446 947 2495 FABVLA
984 2445 1143 2494 XXII.

442 2573 447 2576 ,
535 2526 871 2568 MVSTELA
898 2527 989 2567 ET
1020 2527 1241 2568 HOMO.

162 2598 368 2648 Mustela
394 2597 454 2648 ab
480 2597 679 2647 homine
706 2613 884 2662 prensa
911 2612 1021 2645 cum
1047 2599 1310 2646 instantem
1336 2610 1506 2647 necem

93 2667 322 2731 Effugere
347 2667 516 2717 vellet:
567 2666 784 2724 Quaeso,
810 2682 983 2732 parce,
1010 2668 1195 2732 inquit,
1224 2667 1362 2724 mihi,

95 2735 228 2794 Quae
253 2736 347 2786 tibi
375 2738 598 2787 molestis
622 2736 849 2786 muribus
873 2751 1028 2802 purgo
1054 2736 1267 2785 domum.

95 2806 369 2871 Respondit
392 2806 502 2856 ille:
550 2807 761 2856 Faceres
788 2809 830 2856 si
856 2822 1000 2856 causa
1025 2820 1149 2862 mea,

101 2875 303 2925 Gratum
329 2883 459 2926 esset
483 2882 532 2926 et
556 2876 802 2927 dedissem
827 2879 1020 2927 veniam
1047 2876 1256 2941 supplici
1677 2875 1704 2916 5
