1940 3072
170 110 239 163 28
633 103 901 162 PHAEDRI
933 114 1306 162 FABVLARVM

173 238 446 289 Noviss1me
471 239 750 306 prolapsam
775 239 984 290 effundit
1009 242 1278 297 sarcinam;

170 308 353 359 Verum
376 310 534 367 illam,
562 325 687 375 quae
711 324 789 359 me
814 311 973 359 nutrit
997 309 1192 359 admoto
1218 309 1375 360 ubere

171 377 483 444 Fraudatque
508 388 647 429 natos
669 379 822 437 lacte,
849 394 912 429 ne
938 379 1067 429 desit
1089 379 1230 432 mihi.

171 448 357 498 Tamen
382 449 466 499 illa
492 455 566 499 ost
588 451 775 514 potior,
802 465 928 515 quae
953 456 1004 499 te
1030 452 1241 515 peperit.
1295 449 1405 499 Non
1430 451 1500 499 ita
1525 456 1616 499 est.

174 519 307 567 Vnde
334 518 418 568 illa
444 521 611 576 scivit,
639 521 782 583 niger
808 535 870 569 an
896 519 1036 569 albus
1062 520 1324 568 nascerer?

170 589 271 651 Age
297 604 470 653 porro;
495 603 672 654 parere
698 591 740 639 si
765 589 1004 639 voluisset
1029 590 1278 646 feminam,

171 656 297 715 Quid
322 658 639 722 profecisset,
666 674 818 725 quum
843 674 1043 708 crearer
1067 659 1343 708 masculus?

169 728 473 778 Beneficium
496 744 729 793 magnum
754 744 869 778 sane
895 729 1045 778 natali
1072 729 1222 785 dedit,

169 797 231 846 Vt
255 804 592 863 exspectarem
616 799 803 848 lanium
827 801 881 848 in
905 800 1053 848 horas
1077 799 1319 862 singulas!

172 867 321 917 Cuius
344 874 560 932 potestas
583 869 715 918 nulla
739 871 792 918 in
817 869 1063 932 gignendo
1088 869 1199 925 fuit,

171 937 270 987 Cur
294 937 386 986 hac
411 939 477 987 sit
499 941 686 1004 potior,
715 954 838 1004 quae
864 940 1074 988 iacentis
1097 940 1323 988 miserita
1349 944 1424 988 est

169 1006 469 1073 Dulcemque
494 1015 667 1074 sponte
691 1015 911 1073 praestat
935 1008 1361 1057 benevolentiam?

170 1076 310 1126 Facit
332 1084 563 1141 parentes
588 1078 807 1134 bonitaS,
835 1093 934 1127 non
959 1080 1244 1127 necessitas,

239 1146 328 1195 His
353 1147 694 1197 demonstrare
718 1147 872 1196 voluit
897 1153 1068 1197 auctor
1091 1147 1320 1196 versibus

171 1215 425 1266 Obsistere
449 1217 675 1267 homines
697 1217 919 1280 legibuS,
947 1219 1142 1266 meritis
1168 1219 1295 1281 capi,

729 1372 768 1419 F
779 1372 826 1420 A
835 1372 877 1419 B
891 1371 937 1418 V
947 1372 988 1420 L
1001 1371 1047 1419 A
1084 1371 1218 1419 XVI.

614 1467 874 1509 CIGADA
901 1467 993 1507 ΕΤ
1022 1465 1326 1508 NOCTVA.

240 1564 544 1615 Humanitati
570 1568 656 1631 qui
683 1581 734 1616 se
761 1581 860 1615 non
886 1566 1237 1622 accommodat,

170 1633 465 1699 Plerumque
490 1651 675 1700 poenas
700 1637 890 1700 oppetit
914 1634 1192 1700 superbiae.

240 1703 418 1753 Cicada
443 1705 677 1754 acerbum
700 1713 909 1754 noctuae
935 1707 1203 1754 convitium

171 1773 428 1831 Faciebat,
457 1775 629 1825 solitae
652 1777 836 1824 victum
862 1778 916 1824 in
940 1774 1166 1824 tenebris
1190 1789 1431 1839 quaerere

171 1843 394 1908 Cavoque
418 1859 555 1894 ramo
581 1860 758 1910 capere
785 1860 1010 1895 somnum
1033 1845 1269 1894 interdiu.

168 1912 355 1975 Rogata
380 1921 478 1971 est,
506 1921 560 1964 ut
584 1921 788 1964 taceret.
838 1914 989 1964 Multo
1014 1914 1223 1964 validius

169 1982 391 2032 Clamare
416 1987 595 2048 coepit.
646 1985 836 2033 Rursus
862 1984 1054 2033 admota
1078 1998 1227 2048 prece

168 2053 385 2102 Accensa
407 2056 567 2117 magis
591 2063 681 2102 est.
732 2054 921 2103 Noctua
945 2060 1000 2102 ut
1023 2054 1146 2102 vidit
1172 2052 1270 2101 sibi

169 2120 367 2170 Nullum
392 2137 498 2171 esse
524 2124 759 2173 auxilium
786 2130 836 2172 et
859 2123 1010 2172 verba
1035 2124 1285 2172 contemni
1312 2138 1414 2180 sua,

168 2190 270 2239 Hac
295 2198 370 2240 est
393 2193 624 2255 adgressa
647 2193 895 2257 garrulam
922 2193 1139 2242 fallacia:

167 2260 394 2310 Dormire
419 2265 535 2327 quia
559 2278 638 2312 me
663 2278 762 2312 non
788 2264 956 2311 sinunt
980 2269 1153 2311 cantus
1177 2264 1265 2318 tui,

169 2331 355 2380 Sonare
380 2332 620 2382 citharam
645 2348 767 2398 quos
792 2338 935 2396 putes
960 2332 1212 2396 Apollinis,

167 2401 345 2450 Potare
371 2408 447 2450 est
471 2405 665 2451 animus
689 2409 882 2457 nectar,
911 2402 1041 2465 quod
1065 2401 1224 2449 Pallas
1250 2401 1373 2451 mihi

168 2471 337 2535 Nuper
362 2472 585 2529 donavit;
613 2476 655 2521 si
679 2488 778 2521 non
803 2472 1020 2528 fastidis,
1047 2473 1186 2527 veni;

167 2540 272 2588 Vna
297 2540 542 2591 bibamus.
593 2542 706 2599 Ina,
734 2556 859 2607 quae
886 2540 1056 2590 arebat
1080 2542 1178 2596 siti,

171 2610 329 2659 Simul
353 2614 581 2674 cognovit
603 2627 770 2661 vocem
796 2610 986 2659 laudari
1012 2625 1168 2677 suam,

170 2680 357 2744 Cupide
383 2681 635 2731 advolavit.
687 2681 875 2731 Noctua
900 2694 1097 2742 egressa
1123 2694 1149 2728 e
1176 2693 1292 2727 cavo

169 2749 519 2814 Trepidantem
546 2757 822 2800 consectata
848 2756 922 2798 est
947 2755 996 2797 et
1018 2749 1117 2797 leto
1143 2748 1289 2799 dedit,

169 2818 251 2869 Sic
275 2822 384 2870 viva
407 2821 538 2886 quod
562 2826 765 2884 negarat
788 2819 966 2869 tribuit
984 2828 1190 2867 mortua.

1714 524 1771 566 10

1717 874 1772 917 15

1714 1223 1773 1265 20

1712 2198 1766 2241 10

1717 2545 1769 2585 15
