1940 3072
239 85 242 87 Δ
276 133 346 187 66
895 79 1187 176 *mom
1239 142 1243 144 ·

384 259 592 312 Furtim
616 259 818 327 templa
841 259 999 327 petit,
1026 255 1324 312 sonuerunt
1346 259 1456 327 tela
1477 258 1772 329 pharetrisj

383 330 607 393 Exultat
631 329 818 398 ganisa
842 329 1003 381 nimis
1028 328 1219 382 Medea
1243 329 1512 382 sacerdos:
1862 347 1864 350 ’
1906 338 1909 339 ’

281 409 362 450 185
385 399 639 452 Telorum
664 399 945 467 strepitum
969 402 1145 452 castae
1169 401 1326 468 putat
1349 417 1498 453 arma
1520 398 1729 452 Dianae

381 469 713 537 Increpuisse
738 469 890 522 tholo
905 509 919 537 ,
948 469 1116 522 credit
1139 487 1235 522 sua
1258 472 1389 523 uota
1412 469 1656 523 sacerdos
1905 503 1922 537 5

382 541 527 592 Ante
552 556 735 607 preces
760 539 970 592 audisse
995 540 1162 592 deam.
1215 557 1341 593 mox
1365 557 1566 592 numen
1590 539 1817 592 adorans
1868 563 1874 566 ·
1936 551 1940 570 ’-

385 616 400 640 ³
416 609 589 662 Omen
613 609 762 661 adest
777 615 791 638 ²
818 609 997 678 inquit
1023 609 1290 662 ‘Triuiam
1312 613 1393 678 te,
1425 609 1580 662 Luna
1602 609 1781 663 Diana

383 679 657 732 Confiteor
679 682 947 748 perstans,
973 679 1127 733 heres
1152 679 1476 748 Proserpina
1501 680 1712 748 mundi,
1743 691 1747 695 '

279 759 360 799 190
381 750 523 803 Nam
547 749 652 801 tria
675 766 844 819 regna
866 753 1044 803 tenes:
1080 753 1141 803 tu
1167 750 1313 803 caelo
1341 749 1575 818 Cynthia
1598 766 1819 820 regnas,

388 819 646 873 Uenatrix
669 822 884 872 terrena
907 820 1096 889 micaS,
1130 821 1274 889 capis
1300 821 1436 873 atria
1461 819 1632 888 Ditis,

380 890 646 958 Tempora
671 889 1018 958 distribuenS‚
1045 891 1226 960 regnis
1253 897 1306 943 et
1331 891 1571 943 cursibus
1596 893 1745 959 apta:

379 960 496 1013 Iam
520 962 698 1029 grates
723 959 904 1012 audita
927 960 1136 1029 loquor.
1186 961 1324 1013 iacet
1348 961 1526 1013 hostia
1549 960 1764 1030 templis

381 1030 486 1082 Per
508 1030 701 1082 fluctus
728 1030 950 1082 aduecta
972 1030 1097 1083 tuis.
1113 1035 1129 1058 '
1181 1031 1256 1083 sic
1280 1030 1394 1084 fata
1417 1049 1513 1099 per
1537 1049 1654 1083 aras

278 1109 359 1150 195
379 1099 551 1169 Uirgo
578 1102 798 1152 cruenta
822 1100 1021 1152 molam
1046 1100 1264 1169 perfert.
1316 1104 1371 1153 at
1396 1101 1620 1170 mystica
1643 1101 1827 1153 nutrix

368 1169 531 1222 Fessa
547 1169 674 1222 licet
692 1169 1043 1222 tremebunda
1060 1174 1254 1240 gemat,
1279 1174 1460 1223 tamen
1482 1171 1598 1240 ipsa
1616 1171 1877 1224 iacentem

381 1240 620 1299 Tendere
647 1240 785 1292 colla
807 1240 956 1292 iubet
980 1241 1067 1293 uel
1091 1243 1309 1309 pectora
1332 1260 1506 1310 prona
1530 1242 1762 1310 supinet.

379 1310 526 1380 Ergo
552 1310 866 1379 peregrinus
892 1328 1013 1362 cum
1040 1312 1147 1363 iam
1172 1316 1417 1382 uersatur
1440 1311 1626 1380 Iason,

379 1380 541 1433 Forte
568 1381 750 1433 oculos
780 1398 876 1448 per
899 1383 1041 1433 tecta
1075 1381 1246 1450 leuat,
1284 1381 1432 1434 uidet
1457 1399 1576 1434 ecce
1602 1382 1876 1435 uolantem

275 1460 359 1499 200
381 1452 560 1518 Atque
586 1450 906 1502 salutantem
940 1469 1182 1519 puerum.
1233 1451 1326 1504 sed
1349 1455 1515 1504 nauta
1538 1455 1787 1520 precatur

380 1519 654 1572 Murmure
680 1520 909 1572 sollicito
935 1539 1136 1573 numen
1161 1521 1304 1590 quod
1329 1522 1558 1574 mundus
1583 1521 1797 1575 adorat:

382 1588 466 1643 ‘Si
492 1590 697 1642 caelum
722 1590 767 1641 si
791 1593 933 1642 terra
956 1591 1038 1643 tui
1062 1595 1211 1660 sunt,
1239 1592 1401 1660 aime,
1427 1592 1689 1660 triumphi

381 1659 484 1712 Uel
510 1659 769 1728 quidquid
792 1663 986 1713 natura
1012 1664 1181 1730 creat,
1207 1662 1251 1714 si
1277 1662 1556 1731 sanguinis
1582 1680 1768 1730 expers

379 1729 570 1782 Mortis
596 1733 651 1782 et
675 1728 963 1799 infaustae,
1000 1731 1093 1783 sed
1124 1735 1249 1784 sunt
1279 1735 1491 1784 tantum
1514 1732 1694 1784 hostia
1717 1732 1874 1785 flores

272 1809 356 1850 205
377 1799 566 1852 Matris
592 1802 646 1852 et
669 1800 898 1853 insertae
922 1802 1160 1870 pendent
1183 1820 1279 1871 per
1302 1802 1504 1871 templa
1529 1820 1758 1855 coronae

380 1869 651 1939 Sanguine
676 1870 908 1939 uirginei
932 1874 1144 1924 tantum
1170 1875 1424 1925 contenta
1446 1872 1691 1940 pudoris:

378 1939 543 2008 Eripe
568 1958 651 1992 me
678 1941 762 1992 his
787 1941 987 1994 inuicte
1013 1942 1181 1994 malis,
1234 1960 1332 2012 ego
1359 1942 1579 1995 uictima
1602 1960 1786 1994 seruor

379 2010 560 2077 Atque
587 2011 794 2063 utinam
818 2028 1022 2079 seruer,
1049 2012 1196 2064 iaceo
1222 2012 1492 2065 feriendus
1517 2013 1575 2063 in
1600 2012 1742 2065 aris,²

377 2079 567 2132 Audiit
584 2080 918 2149 ignipotenS,
946 2082 1226 2134 hominum
1245 2100 1369 2134 nam
1399 2100 1672 2134 murmura
1690 2082 1869 2151 sentit,

273 2159 356 2198 210
377 2149 449 2201 Et
473 2149 650 2202 ridens
676 2151 893 2219 gauisus
919 2152 1018 2203 ait:
1059 2157 1074 2179 ‘
1089 2152 1264 2220 pirata
1288 2152 1500 2220 decore,

374 2218 511 2280 Quid
536 2222 728 2272 metuis
755 2239 912 2289 quem
937 2221 1049 2273 fata
1073 2226 1316 2290 manent,
1355 2223 1439 2274 cui
1465 2222 1579 2274 uita
1603 2225 1869 2290 superstes

113 2311 169 2353 [p.
190 2308 251 2350 84]
381 2288 568 2341 Restat
592 2289 779 2358 adhuc,
806 2308 963 2358 quem
984 2309 1151 2361 regna
1173 2295 1379 2360 petunt,
1407 2292 1492 2344 cui
1517 2292 1671 2360 pellis
1697 2295 1872 2345 amata

378 2358 630 2411 Imminet
655 2363 709 2412 et
733 2361 966 2412 coniunx
992 2361 1203 2414 dabitur
1228 2361 1414 2414 Medea
1440 2362 1722 2414 sacerdos?

380 2427 484 2481 Sed
508 2447 713 2482 memor
739 2433 850 2483 esto
877 2431 982 2482 mei
1007 2450 1076 2483 ne
1101 2435 1154 2483 te
1178 2431 1398 2484 fortuna
1423 2432 1709 2500 superbum

1791 651 1807 679 7

385 2586 465 2626 183
492 2586 597 2635 fort.
631 2589 758 2626 tecta
790 2582 985 2638 (Rueck.)
1104 2588 1184 2628 188
1215 2587 1364 2639 niquit
1481 2589 1559 2628 189
1590 2586 1784 2628 Confidit
1816 2599 1868 2627 eo

268 2643 336 2682 eui
371 2644 545 2682 uoculae
576 2644 846 2693 corruptelae
885 2648 985 2682 nota
1021 2644 1171 2683 addita
1209 2650 1273 2683 est
1298 2643 1304 2691 Ι
1330 2643 1483 2682 mondi
1597 2645 1679 2684 204
1715 2647 1868 2683 tamen

269 2711 381 2741 corr.
414 2696 576 2739 Buerh.
693 2698 774 2738 206
812 2697 870 2748 cf.
906 2698 1050 2739 Ualer.
1083 2699 1210 2739 Max.
1241 2699 1298 2739 II
1329 2701 1353 2738 6
1383 2701 1438 2738 15
1561 2701 1641 2740 207
1680 2710 1747 2739 me
1785 2712 1868 2739 non
1904 2660 1940 2777 Χ

269 2759 391 2794 extat
421 2767 447 2806 γ
476 2753 481 2802 Ι
508 2765 613 2805 ergo
645 2766 672 2805 γ
759 2754 841 2794 208
874 2765 1029 2794 seruat·
1133 2756 1213 2794 211
1248 2767 1346 2794 eum
1378 2767 1487 2797 corr.
1521 2755 1679 2797 Bueelz.
1785 2755 1867 2794 212
1898 2749 1921 2805 ζ,

269 2812 423 2849 amat-a
461 2821 572 2849 corr.
613 2821 670 2848 ecc
713 2813 876 2849 aurata
921 2812 1062 2850 uer-sui
1104 2813 1374 2862 corruptelae
1419 2816 1518 2851 nota
1560 2812 1761 2862 praefioea
1804 2816 1880 2850 est.
1906 2796 1930 2869 is

271 2866 352 2905 213
386 2864 581 2918 coniunx
862 2872 870 2881 ⁸
1902 2814 1940 3072 E

1912 3042 1918 3068 e
