1940 3072
26 531 113 573 685

26 872 112 943 690

26 1270 111 1312 695

29 1642 115 1682 ’700

29 2011 114 2052 705

804 179 1167 232 „69-

145 299 362 350 sturnus
404 296 560 365 edax,
597 299 811 366 premat
850 299 912 349 ut
949 299 1136 350 tenues
1176 297 1260 350 uis
1301 297 1462 351 obuia
1498 298 1712 367 plumas

145 373 198 424 et
234 388 302 423 ne
340 373 467 440 post
503 373 719 441 tergum
757 373 944 439 pateat
981 371 1330 440 penetrabilis
1371 389 1511 425 euro.

218 443 639 513 Latipedemque
680 447 892 497 anatem
932 462 1113 498 cernes
1154 445 1404 499 excedere
1441 448 1612 515 ponto

145 518 360 588 saepius
401 520 456 570 et
494 537 705 571 summa
742 518 969 572 nebulas
1011 536 1066 572 se
1104 519 1323 572 tendere
1363 537 1519 589 rupe,

144 592 358 661 iamque
398 610 558 661 super
596 592 782 645 latices
821 591 1014 645 florum
1052 593 1286 646 uolitare
1326 597 1598 647 senectam

144 667 526 736 stellarumque
566 684 746 719 comas
785 667 965 735 rumpi
1003 667 1217 736 procul,
1257 666 1472 719 aethere
1511 668 1653 721 celso

142 739 384 793 decidere
422 740 481 792 in
518 742 713 809 terras,
753 741 1037 792 rutilarum
1079 758 1334 811 spargere
1373 741 1550 794 crines

141 814 482 867 flammarum
522 817 576 867 et
614 814 809 884 longos
850 833 883 866 a
919 817 1076 884 tergo
1117 814 1307 867 ducere
1347 818 1576 868 tractus:

144 889 269 941 inde
310 888 474 941 etiam
513 891 704 941 uentos
744 905 871 941 mox
912 888 1096 941 adfore
1135 892 1452 972 praemonet
1490 908 1635 942 usus.

219 961 422 1025 Quodsi
461 962 688 1014 diuersis
729 980 786 1014 se
824 963 1027 1045 passim
1066 962 1315 1031 partibus
1354 963 1506 1032 ignes

145 1037 440 1106 excutiant,
479 1039 658 1088 uerret
694 1037 919 1106 pelagus
961 1036 1076 1089 sine
1114 1036 1219 1088 fine
1258 1036 1522 1106 modoque

142 1110 303 1163 turba
341 1110 722 1179 procellarum,
762 1110 806 1162 si
847 1110 966 1162 duri
1004 1110 1175 1163 limite
1216 1111 1284 1163 ab
1325 1112 1459 1179 euri,

145 1184 191 1237 si
230 1184 448 1253 regione
486 1184 626 1253 noti,
667 1184 714 1236 si
752 1184 887 1236 lenis
926 1187 1082 1252 parte
1119 1184 1308 1237 fauoni

145 1261 238 1311 aut
278 1259 341 1311 de
381 1257 632 1311 Bistonio
671 1258 862 1310 mundi
901 1259 1090 1326 procul
1130 1277 1228 1311 axe
1267 1261 1526 1311 coruscat.

220 1330 278 1385 Si
315 1335 564 1401 repetant
602 1335 840 1385 ueterem
878 1350 1044 1384 ranae
1082 1350 1178 1401 per
1218 1336 1410 1401 stagna
1448 1333 1740 1402 querelam,

143 1407 343 1459 uellera
384 1406 429 1459 si
469 1407 617 1458 caelo
657 1406 914 1474 uolitent,
954 1406 1000 1459 si
1040 1406 1271 1459 discolor
1307 1406 1410 1459 Iris

144 1479 396 1533 demittat
432 1481 647 1550 gemino
689 1498 745 1532 se
783 1480 1011 1547 fornice,
1051 1480 1279 1533 circulus
1321 1481 1501 1533 albam

145 1554 192 1607 si
231 1554 444 1608 stellam
483 1556 655 1606 taeter
691 1554 840 1606 uelut
880 1553 1105 1617 ambiat,
1147 1572 1380 1623 aequora
1418 1557 1638 1623 propter

150 1628 195 1681 si
235 1628 496 1696 crepitent
535 1628 782 1681 uolucres
793 1670 806 1694 ‚
846 1628 893 1680 si
932 1627 1146 1697 gurgite
1186 1628 1398 1698 saepius
1440 1628 1551 1681 alto

145 1705 364 1771 pectora
403 1704 725 1769 mersentur,
766 1702 812 1754 si
851 1702 1037 1754 crebro
1080 1702 1295 1771 garrula
1333 1702 1565 1754 hirundo

147 1780 343 1845 stagna
382 1775 563 1845 adeat,
601 1775 796 1828 rutilae
837 1794 957 1828 cum
998 1780 1126 1827 sunt
1164 1775 1460 1843 primordia
1496 1776 1654 1843 lueis3

147 1850 194 1902 si
234 1849 526 1903 matutinas
565 1850 742 1902 ululae
782 1849 912 1901 dant
951 1849 1187 1901 carmine
1226 1867 1384 1902 uoces
1394 1891 1408 1917 ,

146 1924 394 1992 improba
434 1924 479 1977 si
519 1924 704 1977 cornix
743 1927 906 1992 caput
945 1923 1070 1975 altis
1109 1923 1300 1975 inserit
1338 1923 1495 1975 undis
1505 1965 1520 1991 ,

147 1997 366 2050 flumine
404 2000 558 2067 terga
595 1998 805 2067 rigans,
846 1997 892 2049 si
931 1997 1104 2048 saeuit
1142 2000 1360 2065 gutture
1400 2015 1561 2050 rauco
1571 2039 1585 2066 ,

144 2072 408 2142 plurimus
449 2071 696 2140 abruptis
737 2070 995 2123 fundetur
1032 2070 1266 2122 nubibus
1306 2071 1492 2123 imber.

219 2145 400 2198 Imber
439 2146 563 2213 erit,
602 2146 728 2197 latis
769 2163 889 2197 cum
928 2144 1124 2196 bucula
1161 2144 1386 2197 naribus
1427 2163 1584 2197 auras

147 2220 406 2288 concipit,
445 2223 499 2272 et
536 2219 646 2272 late
684 2219 883 2287 pluuiis
925 2218 1041 2270 sola
1080 2222 1273 2270 cuneta
1312 2219 1603 2286 natabunt,

268 2369 379 2409 1682
411 2366 572 2408 tenues
604 2379 625 2408 e
656 2368 790 2408 tenus
815 2364 860 2407 A
1015 2369 1127 2408 1683
1159 2366 1267 2420 post
1297 2365 1482 2421 tergum
1514 2378 1535 2407 e
1565 2365 1833 2420 postergam

145 2423 191 2467 A
289 2427 403 2467 1684
433 2423 800 2479 Latipedemque
831 2437 857 2466 v
890 2422 1007 2466 Lata
1037 2423 1297 2479 pedemque
1329 2423 1374 2466 A
1405 2423 1681 2479 Latipedem
1713 2437 1832 2478 quae

145 2496 167 2526 e
196 2483 212 2538 ΙΙ
251 2482 470 2527 excedere
508 2497 530 2526 e
569 2482 763 2526 exedere
802 2482 847 2524 A
972 2486 1083 2525 1685
1124 2496 1171 2525 se
1209 2481 1400 2525 tendere
1441 2497 1462 2525 e
1500 2481 1749 2526 ascendere
1787 2483 1832 2525 A

149 2546 262 2586 1686
302 2544 536 2585 senectam
566 2555 588 2584 e
620 2539 847 2585 senetiam
877 2540 923 2583 A
1066 2546 1179 2585 1690
1210 2555 1318 2584 usus
1351 2555 1372 2583 e
1404 2540 1505 2583 arui
1535 2542 1580 2583 A
1718 2546 1831 2584 1692

146 2601 301 2644 uertet
331 2613 354 2644 e
383 2602 537 2644 uertet
566 2600 613 2643 A
752 2604 864 2643 1693
899 2599 996 2643 euri
1027 2614 1048 2643 e
1080 2601 1175 2643 cari
1207 2602 1251 2641 A
1385 2603 1498 2643 1694
1531 2598 1707 2643 fauonii
1739 2613 1832 2643 cor-

146 2660 266 2703 rexit
288 2658 333 2702 A
357 2658 535 2703 fauonii
559 2674 580 2703 e
680 2664 792 2703 1696
816 2661 1033 2714 repetant
1055 2658 1117 2702 N.
1143 2659 1364 2702 Heinsius
1389 2659 1445 2711 cf.
1466 2659 1615 2713 praef.
1634 2672 1683 2713 p.
1704 2658 1837 2701 XIX

146 2719 364 2774 repetunt
394 2718 479 2762 Ae
579 2722 689 2761 1701
724 2717 921 2761 hirundo
954 2731 974 2760 e
1004 2717 1170 2761 irundo
1202 2719 1275 2760 A·
1352 2721 1463 2760 1702
1498 2720 1664 2773 stagna
1695 2717 1834 2761 adeat

146 2790 168 2820 e
198 2775 239 2820 si
277 2777 492 2833 (quinque
526 2778 781 2821 litterarum
811 2777 1011 2831 spatium
1043 2780 1256 2830 uacuum)
1289 2776 1430 2819 adeat
1461 2776 1505 2818 A
1535 2777 1551 2830 ss
1583 2778 1688 2820 sunt
1720 2776 1832 2819 Gro-

147 2836 238 2879 tius
277 2836 370 2879 sint
400 2836 446 2879 A
599 2840 711 2879 1703
751 2835 906 2880 ululae
942 2835 1055 2879 dant
1086 2851 1106 2880 e
1145 2834 1333 2879 hululae
1373 2835 1484 2878 dent
1519 2835 1563 2877 A
1719 2839 1830 2878 1707

146 2892 317 2939 bucula
347 2908 368 2940 e
398 2894 595 2939 buccula
625 2894 671 2938 A

1856 535 1922 568 360

1857 904 1922 937 365

1858 1273 1924 1306 370

1859 1643 1924 1675 375

1858 2012 1924 2044 380
