1940 3072
747 160 928 205 LIBER
962 158 1042 207 IV.

651 284 692 333 F
703 283 750 332 A
759 285 802 332 B
813 284 860 331 V
870 284 911 333 L
922 284 969 333 A
1005 284 1139 334 XVI.

508 365 604 407 DE
635 365 889 408 GAPRIS
916 366 1282 409 BARBA'I'IS.

115 438 117 440 ’
163 434 376 486 Barbam
403 436 619 501 capellae
647 451 760 485 cum
784 437 1117 502 inpetrassent
1142 436 1202 486 ab
1228 438 1355 495 Iove,

94 504 232 556 Hirci
256 511 538 556 maerentes
560 506 813 570 indignari
841 513 1128 572 coeperunt,

92 575 234 634 Quod
259 575 549 640 dignitatem
572 576 787 626 feminae
813 583 1106 642 aequassent
1130 591 1284 627 suam.

92 646 277 703 Sinite,
305 647 492 711 inquit,
519 646 630 696 illas
654 646 811 710 gloria
835 662 959 696 vana
983 648 1083 696 frui

90 715 154 765 Et
177 730 418 781 usurpare
443 718 596 766 vestri
623 722 850 766 ornatum
874 719 1113 775 muneriS‚

90 786 241 836 Pares
266 786 382 836 dum
406 801 506 836 non
532 788 634 836 sint
658 792 849 836 vestrae
874 787 1177 836 fortitudini.

160 855 264 905 Hoc
289 862 633 920 argumentum
657 862 850 913 monet,
877 862 935 906 ut
957 858 1204 906 sustineas
1229 857 1323 906 tibi

89 924 276 976 Habitu
302 941 410 976 esse
436 927 648 984 similes,
677 928 763 991 qui
789 928 889 976 sint
913 927 1093 976 virtute
1119 929 1335 991 inpareS.

634 1039 675 1087 F
690 1039 737 1087 A
746 1039 788 1087 B
800 1040 847 1087 V
856 1039 898 1087 L
909 1039 956 1087 A
993 1039 1152 1087 XVII.

452 1122 549 1163 DE
576 1121 930 1163 FORTVNIS
958 1121 1324 1164 HOMINVM.

159 1192 281 1242 Cum
307 1191 367 1241 de
393 1193 607 1242 fortunis
633 1193 835 1257 quidam
860 1197 1155 1256 quereretur
1182 1194 1302 1250 suiS,

84 1261 309 1327 Aesopus
333 1263 476 1311 finxit
500 1262 783 1312 consolandi
809 1264 991 1325 gratia:

157 1332 340 1382 Vexata
366 1334 525 1382 saevis
550 1334 688 1382 navis
712 1331 1106 1397 tempestatibus,

87 1401 222 1452 inter
246 1407 500 1452 vectorum
525 1402 755 1452 lacrimas
782 1408 830 1451 et
855 1403 1030 1451 mortis
1055 1407 1255 1459 metum,

88 1472 288 1522 Faciem
315 1471 376 1522 ad
401 1487 628 1522 serena-m
654 1471 817 1522 subito
842 1477 897 1520 ut
921 1477 1138 1521 mutatur
1164 1472 1286 1530 dieS,

89 1541 237 1592 Ferri
263 1542 495 1592 secundis
518 1548 624 1592 tuta
649 1544 812 1607 coepit
836 1541 1035 1592 flatibus

87 1612 350 1678 Nimiaque
374 1618 549 1662 nautas
572 1612 822 1662 hilaritate
848 1611 1098 1661 extollere.

88 1682 270 1733 Factus
293 1682 496 1747 periclis
520 1688 626 1733 tum
652 1682 954 1747 gubernator
981 1682 1188 1747 sophus:

85 1752 262 1802 ‘Parce
289 1752 506 1816 gaudere
533 1759 728 1818 oportet
753 1760 802 1802 et
827 1754 1011 1802 sensim
1039 1753 1222 1817 queri.'
1247 1780 1318 1790 ——

83 1820 262 1872 Totam
289 1836 443 1887 aeque
468 1824 618 1872 vitam
643 1824 819 1871 miscet
844 1822 981 1871 dolor
1007 1828 1057 1870 et
1081 1822 1331 1885 gaudium.

619 1948 937 1997 FABVLA
973 1948 1158 1996 XVIII.

415 2031 667 2073 GANVM
694 2030 959 2071 LEGA'H
986 2030 1083 2070 AD
1113 2029 1360 2073 IOVEM.

159 2101 315 2152 Canes
340 2102 528 2166 legatos
554 2102 669 2152 olim
694 2103 875 2151 misere
904 2100 963 2150 ad
989 2100 1169 2157 Iovem,

85 2171 308 2222 Melioris
331 2173 462 2221 vitae
488 2178 683 2237 tempus
709 2178 899 2221 oratum
926 2185 1057 2227 suae,

85 2241 148 2291 Vt
173 2256 280 2291 sese
308 2243 526 2308 eriperet
553 2242 810 2291 hominum
836 2240 1161 2298 contumeliiS‚

88 2310 387 2361 Furfuribus
412 2311 507 2361 sihi
535 2327 853 2377 conspersum
880 2311 1008 2376 quod
1034 2326 1211 2375 panem
1238 2311 1411 2361 darent

88 2382 327 2447 Fimoque
352 2384 486 2447 turpi
511 2384 722 2431 maxime
750 2381 1005 2446 explerent
1028 2382 1223 2429 samem.

87 2451 307 2501 Profecti
333 2457 447 2500 sunt
470 2452 620 2515 legati
646 2467 744 2501 non
771 2452 922 2501 celeri
947 2451 1088 2516 pede,

87 2521 215 2571 Dum
239 2520 445 2571 naribus
469 2527 751 2571 scrutantur
778 2537 939 2571 escam
964 2523 1013 2569 in
1041 2527 1277 2570 stercore.

89 2591 237 2641 Citati
262 2606 360 2640 non
386 2592 702 2656 respondent.
753 2592 841 2641 Vix
869 2591 1066 2640 tandem
1091 2592 1280 2638 invenit

89 2658 186 2709 Eos
211 2660 485 2711 Mercurius
512 2667 563 2711 et
584 2662 808 2711 turbatos
834 2661 1061 2710 adtrahit.

89 2728 215 2778 Tum
240 2745 357 2779 vero
381 2731 567 2781 vultum
593 2733 757 2795 magni
784 2737 838 2780 ut
862 2731 1092 2779 viderunt
1117 2729 1260 2786 IoviS,

88 2797 264 2848 Totam
288 2802 519 2851 timentes
546 2807 873 2851 concacarunt
898 2803 1112 2865 regiam;

158 2869 386 2935 Propulsi
412 2886 528 2921 vero
553 2871 767 2921 fustibus
792 2871 972 2920 vadunt
997 2872 1144 2919 foras,

1627 158 1691 211 39

1633 1830 1688 1871 10

1631 2735 1684 2778 10
