1940 3072
289 169 361 223 90
896 166 1294 213 SATISFAOTIO

464 295 568 348 Hic
593 313 715 349 reus
741 298 795 348 et
820 294 1006 348 dcctus
1031 293 1382 348 Uincemalos
1401 293 1594 348 fuerat.

394 366 447 419 N
451 384 522 418 on
546 366 766 418 laedunt
790 365 984 418 delicta
1007 364 1191 433 deum,
1216 365 1310 418 sed
1332 365 1561 418 laeditur
1583 367 1774 435 auctor

465 435 538 487 Ν1
563 439 780 504 peccata
805 435 990 488 dolens
1014 435 1289 504 paeniteat
1311 435 1541 488 sceleris,

289 516 372 556 305
400 504 502 567 Qui
527 507 701 574 poscit
723 505 824 558 hac
848 506 967 576 lege
993 505 1150 558 deum
1175 508 1237 558 ut
1258 509 1480 574 peccata
1502 506 1720 574 relaxet,

466 575 641 629 Debet
666 576 759 629 et
742 594 857 645 ipse
883 594 979 656 suo
1006 593 1222 644 parcere
1247 576 1445 645 ubique
1471 594 1580 629 100.

394 645 523 698 Non
547 647 750 699 semel
734 646 943 717 lgnosci
969 647 1104 698 dixit
1127 646 1214 698 lex
1239 649 1421 699 sancta
1444 650 1666 715 reatum,

469 715 570 770 Sed
596 718 844 786 quotiens
870 717 1026 785 culpa
1051 719 1132 768 est
1156 717 1226 769 sit
1249 717 1448 769 totiens
1473 717 1650 779 uenia.

396 785 586 839 Dicam
611 788 862 857 regnanti
888 787 1105 840 domino
1130 787 1220 855 pia
1246 788 1410 839 uerba
1433 774 1752 856 prophetae:

289 868 374 908 310
470 857 616 910 ‘Etsi
640 858 859 927 peccaui
885 876 1003 910 811111
1026 858 1246 910 tamen
1231 876 1346 926 lpse
1369 860 1530 910 tuus'.

398 926 485 979 Da
508 928 739 997 ueniam,
765 930 1014 980 miserere
1039 945 1243 996 precor,
1271 945 1516 980 succurre
1541 926 1773 996 roganti,

466 997 704 1051 Pristina
727 998 1002 1050 sufficiant
1025 999 1249 1050 uerbera
1275 998 1454 1050 uincla
1480 998 1662 1050 fames,

398 1066 669 1120 Sessorem
695 1069 820 1120 dum
848 1068 1019 1136 carpit
1042 1069 1144 1120 iter
1170 1069 1215 1120 81
1241 1085 1437 1120 cornea
1459 1068 1679 1147 pulsans

468 1137 688 1208 Ungula
715 1139 987 1191 concutiat
1013 1138 1463 1207 quadrupedantis
1489 1138 1628 1206 equi,

291 1217 376 1257 315
403 1206 639 1260 Uerbere
666 1209 953 1278 corrigitur
979 1209 1136 1276 culpa
1158 1208 1426 1277 plectente
1451 1208 1695 1277 flagello:

466 1278 597 1332 Non
621 1279 781 1332 81111111
806 1279 997 1332 abscisi
1024 1297 1178 1331 crura
1201 1278 1467 1347 pedesque
1492 1278 1684 1331 iacent.

477 1406 717 1475 Explicit
746 1406 1047 1460 satisfactio
1081 1406 1358 1460 Dracontii
1389 1405 1458 1459 ad
1482 1405 1802 1460 Guthamun-

404 1478 524 1533 dum
561 1494 739 1548 regem
771 1480 1161 1534 Guandalorum
1193 1479 1315 1533 dum
1347 1480 1487 1533 esset
1516 1481 1574 1533 in
1603 1477 1852 1533 uinculis,

405 1639 487 1678 302
517 1637 664 1679 Uinco
695 1639 840 1680 malos
871 1641 956 1680 uid.
990 1641 1167 1680 indicem
1187 1638 1480 1680 Uincomalus
1502 1639 1718 1679 Areualus
1817 1637 1899 1679 307

290 1693 350 1742 ef.
381 1693 536 1734 Mattlz.
570 1696 621 1735 18
652 1708 702 1739 21.
727 1709 769 1740 22
803 1697 911 1737 Luc.
945 1698 996 1736 17
1027 1709 1059 1740 3.
1079 1708 1102 1739 4
1215 1697 1297 1736 310
1334 1691 1459 1748 Etsi]
1500 1698 1546 1735 et
1585 1694 1758 1735 deleuit
1792 1707 1900 1735 man,

291 1762 379 1790 rec.
418 1751 472 1801 cf.
510 1751 705 1803 sapient.
740 1754 793 1793 15
822 1765 842 1795 2
970 1754 1052 1792 313
1087 1758 1188 1804 post
1227 1752 1268 1790 si
1307 1753 1464 1803 eaeiyua
1501 1753 1631 1792 litura
1663 1750 1671 1803 Ι
1703 1749 1900 1804 palpans

291 1819 404 1849 corr.
427 1807 638 1849 Areuacus
743 1810 824 1849 316
857 1808 1051 1848 abscissi
1082 1809 1295 1848 Areuatus
1407 1807 1601 1848 Ceterum
1627 1808 1795 1847 ultimae
1813 1819 1902 1858 pa·

290 1863 416 1914 yinae
446 1864 544 1904 inde
574 1879 602 1905 a
630 1878 756 1905 uersu
777 1867 858 1906 307
895 1866 1048 1905 literae
1074 1866 1234 1916 partim
1253 1865 1460 1925 euanidae
1491 1864 1665 1915 difficile
1695 1865 1900 1915 leyuntur.
