1986 3060
197 163 240 203 X
536 152 618 198 DE
641 151 911 197 PHAEDRI
933 149 1079 196 VITA
1102 150 1181 195 ΕΤ
1205 150 1482 197 SCRIPTIS.

199 278 474 343 Exemptus
510 282 587 327 est
618 276 738 326 huic
772 275 873 339 legi
906 289 1081 325 versus
1120 276 1452 341 antiquissimi
1476 281 1653 340 poetae
1677 275 1807 327 Enni

201 350 288 414 qui
313 349 499 412 legitur
523 348 577 396 in
603 346 795 411 epilogo
819 345 851 395 l.
881 344 950 394 111
979 342 1115 411 [34].

311 419 525 500 §laesura
558 415 702 480 longe
734 416 1138 481 frequentissima
1167 421 1242 465 est
1273 416 1692 481 penthemimeres
1725 432 1806 467 ve-

201 487 275 537 lat
308 493 600 623 1ῐᾶ1135011115
626 562 799 607 auctor
830 552 841 625 l
873 571 1020 622 quam
1045 557 1306 606 materiam
1333 558 1537 621 reperit.

202 641 337 700 Quae
373 643 415 691 si
451 656 550 691 non
586 642 748 699 adest,
793 641 1250 707 hephthemimeres
1284 640 1550 690 adhibetur
1585 656 1699 691 cum
1730 643 1805 691 in-

201 715 390 762 cisione
426 718 541 777 post
576 711 848 761 secundum
880 711 1085 776 pedem:

376 781 507 846 quod
534 781 741 831 arbores
775 778 785 848 1
814 781 1081 846 loquantur
1113 778 1121 848 Ι
1153 796 1251 830 11011
1278 787 1470 831 tantum
1495 782 1650 831 serae.

201 866 335 916 Haec
360 871 525 931 potest
549 866 747 929 neglegi
775 867 816 914 si
846 864 953 914 bini
977 870 1089 930 post
1115 865 1381 915 secundam
1401 866 1566 916 thesin
1585 865 1808 916 trochaei

201 951 300 985 uno
326 938 673 986 contineantur
701 934 964 985 vocabulo:

454 1021 567 1055 cum
589 1007 787 1055 tristem
811 1007 1099 1055 servitutem
1124 1005 1305 1055 flerent
1328 1006 1496 1055 Attici.

201 1088 407 1140 Restant
442 1089 538 1139 duo
572 1104 747 1139 versus
780 1091 866 1155 qui
902 1104 1156 1139 caesuram
1189 1089 1376 1139 habent
1409 1095 1522 1154 post
1553 1091 1809 1156 praeposi-

200 1162 387 1210 tionem
413 1158 556 1208 verbi
582 1160 846 1224 compositi
875 1157 989 1225 [III,
1021 1156 1112 1216 15,
1140 1156 1190 1208 6.
1240 1160 1294 1217 V,
1324 1157 1371 1216 7,
1402 1157 1491 1225 19]
1878 1156 1885 1161 “

411 1230 677 1278 novissime
706 1226 712 1296 Ι
741 1228 1021 1295 prolapsam
1048 1225 1278 1296 eflfundit
1312 1232 1576 1279 sarcinam.

413 1302 521 1365 ipso
547 1299 778 1350 ludorum
804 1295 1104 1366 osltenderet
1129 1314 1238 1348 sese
1269 1299 1366 1352 die.

308 1384 568 1448 Synizesis
591 1385 797 1434 lieentia
813 1383 1114 1447 permodica
1138 1383 1267 1449 apud
1293 1383 1572 1433 Phaedrum
1598 1399 1691 1434 nec
1715 1385 1809 1435 alia

202 1470 350 1520 quam
393 1455 690 1518 optimorum
739 1469 800 1503 ex
848 1452 1155 1519 aequalibus·
1242 1452 1316 1502 Ad
1359 1453 1582 1504 elisionis
1598 1493 1610 1512 ‚
1663 1471 1810 1520 quam

203 1538 379 1587 magna
414 1538 526 1572 cum
559 1538 676 1574 cura
712 1523 940 1574 adhibuit
963 1523 1120 1581 idem,
1156 1523 1380 1588 exempla
1410 1524 1681 1574 minuenda
1704 1527 1809 1589 pri-

202 1609 338 1643 mum
372 1593 637 1657 diligenter
673 1600 749 1644 est
783 1593 1145 1643 observandum
1174 1594 1357 1655 ubique
1380 1595 1523 1656 apud
1544 1608 1655 1644 eum
1682 1597 1811 1644 sicut

204 1664 334 1729 apud
358 1663 578 1727 reliquos
611 1670 783 1728 poetas
807 1664 1009 1714 Latinos
1046 1664 1187 1714 verbi
1210 1665 1485 1713 auxiliaris
1511 1665 1640 1714 ‘est'
1668 1669 1809 1714 trun-

202 1735 320 1784 cari
340 1735 507 1784 vocali
533 1735 610 1783 vel
641 1747 688 1782 m
721 1748 944 1784 consona
964 1734 1302 1796 praecedente
1316 1736 1540 1796 primam
1564 1736 1810 1784 litteram:

414 1803 535 1852 haec
560 1810 766 1868 propter
792 1804 904 1854 illos
928 1806 1163 1868 scriptast
1186 1803 1411 1852 homines
1436 1803 1618 1854 fabula.

417 1888 445 1922 a
470 1873 728 1922 corcodilis
752 1889 816 1923 ne
841 1876 1100 1939 rapiantur
1127 1873 1426 1923 traditumst.

203 1957 450 2022 Exceptus
485 1962 560 2006 est
584 1958 871 2022 appendicis
898 1973 940 2007 c.
968 1957 1054 2007 XV
1077 1973 1122 2009 v,
1152 1954 1241 2015 12,
1269 1958 1319 2006 in
1345 1973 1442 2023 quo
1466 1964 1672 2023 propter
1691 1955 1809 2009 'cae-

205 2043 371 2078 suram
406 2026 580 2092 copula
615 2042 713 2076 non
747 2028 1018 2078 mutilatur.
1092 2028 1369 2077 Praeterea
1403 2042 1504 2078 non
1535 2030 1650 2078 lieet
1692 2031 1816 2080 elidi

203 2098 418 2147 iambica
449 2102 679 2159 sequente
711 2098 850 2148 brevi
889 2112 981 2148 nee
1012 2099 1175 2158 maqis
1207 2099 1446 2160 copulari
1483 2099 1658 2148 eadem
1698 2113 1812 2149 eum

206 2172 360 2217 acuta
384 2172 585 2231 praeter
610 2168 910 2231 inperativos
936 2168 1171 2233 quosdam
1196 2173 1252 2217 ut
1275 2172 1393 2233 puta
1412 2167 1502 2217 hos
1525 2166 1636 2233 [111,
1658 2166 1706 2226 7,
1727 2166 1807 2218 15.

204 2236 258 2294 V,
280 2235 337 2294 9,
357 2234 409 2285 4.
462 2252 574 2302 app.
594 2232 688 2294 21,
711 2234 800 2302 10]
841 2239 955 2287 veni
980 2252 1122 2301 ergo,
1160 2243 1268 2287 tace
1294 2239 1482 2303 inquit,
1523 2253 1609 2288 ave
1635 2253 1809 2303 usque.

204 2307 428 2372 Denique
464 2308 515 2356 in
551 2308 711 2372 prima
753 2307 883 2357 thesi
922 2307 1183 2372 aliquando
1218 2308 1451 2357 elisiones
1482 2309 1699 2358 inveniri
1737 2314 1812 2358 sat

207 2382 419 2434 constat,
466 2382 515 2426 at
558 2378 756 2427 easdem
788 2379 842 2426 in
883 2379 1057 2427 ultima
1093 2379 1204 2427 arsi
1232 2392 1519 2439 numquam.
1581 2378 1812 2428 Ceterum

206 2447 349 2512 plura
387 2446 447 2495 de
488 2447 754 2511 iungendis
788 2446 1040 2496 vocalibus
1074 2447 1290 2497 Phaedri
1332 2448 1513 2512 placita
1555 2450 1638 2512 qui
1682 2448 1812 2496 volet

208 2531 523 2580 cognoscere,
550 2518 682 2580 legat
700 2532 824 2582 quae
845 2519 897 2566 in
916 2516 1043 2566 libro
1061 2524 1231 2567 nostro
1252 2532 1333 2582 pg.
1350 2514 1453 2567 427
1473 2520 1808 2582 reperiuntur.

312 2587 496 2636 Hiatus
544 2592 632 2636 aut
678 2588 1039 2649 productiones
1086 2589 1306 2638 brevium
1355 2601 1388 2635 a
1429 2588 1665 2637 Phaedro
1707 2600 1812 2637 esse

210 2658 377 2705 aliena
410 2661 491 2705 sat
522 2661 744 2719 constat,
785 2662 990 2721 excepto
1025 2657 1156 2721 quod
1189 2657 1272 2707 ille
1311 2657 1577 2722 dactylicos
1613 2663 1811 2707 secutus

212 2741 356 2790 saepe
401 2727 626 2790 porrexit
667 2729 720 2776 in
759 2726 939 2776 mediis
978 2725 1146 2775 verbis
1189 2733 1443 2792 correptas
1479 2733 1591 2776 ante
1626 2732 1810 2776 mutam

213 2811 323 2844 cum
347 2795 551 2860 liquida.
628 2796 807 2846 Contra
843 2795 1055 2846 notanda
1091 2796 1192 2845 ‘ihi
1218 2799 1380 2847 stans'
1419 2798 1538 2861 ‘ego
1565 2796 1808 2863 scalpam’

216 2863 332 2932 [111‚
359 2862 416 2923 3,
448 2861 529 2914 14.
582 2881 692 2931 app.
721 2862 778 2923 9,
810 2863 899 2931 12]
938 2865 1157 2915 breviata
1184 2867 1415 2918 secunda.
