1940 3072
204 84 239 139 8
666 85 935 132 PHAEDRI
967 83 1339 138 FABVLARVM

753 224 795 274 F
806 224 852 273 A
862 223 905 272 B
915 223 964 271 V
972 222 1014 272 L
1026 223 1074 272 A
1108 222 1244 273 XVI.

555 306 745 357 QVIS,
774 305 1053 348 CERVVS
1082 305 1174 347 ΕΤ
1203 303 1452 347 LVPVS.

277 378 554 430 Fraudator
578 378 804 428 homines
832 391 944 427 cum
976 376 1178 427 advocat
1211 390 1446 442 sponsum
1469 374 1725 442 inproboS,

206 449 315 500 Non
339 464 448 498 rem
473 448 737 513 expedire,
765 447 853 497 sed
878 446 1061 497 malum
1086 460 1268 510 augere
1293 447 1498 512 expetit.

276 518 427 569 Ovem
451 517 658 581 rogabat
682 532 860 567 cervus
881 516 1104 566 modium
1127 517 1289 566 tritici

205 588 343 653 Lupo
368 602 623 653 sponsore.
673 587 736 637 At
761 587 846 638 illa
869 593 1219 652 praemetuens
1243 585 1434 637 dolum:
1454 611 1460 616 ·

204 658 395 723 Rapere
421 664 567 722 atque
592 656 732 707 abire
757 670 954 722 semper
978 656 1201 707 adsuevit
1223 655 1385 721 lupus,

204 727 280 777 Tu
306 728 366 778 de
391 733 659 792 conspectu
683 728 858 790 fugere
883 726 1041 776 veloci
1063 727 1262 791 inpetu;

207 796 296 847 Vbi
321 812 406 847 vos
431 798 713 862 requiram,
740 811 853 846 cum
879 796 986 845 dies
1012 794 1296 845 advenerit?

742 909 783 957 F
793 909 892 957 AB
904 908 951 955 V
962 908 1003 957 L
1013 910 1061 957 A
1096 908 1257 957 XVII.

591 989 779 1040 OVIS,
809 988 1019 1038 CANIS
1047 989 1139 1032 Em·
1166 989 1415 1033 LVPVS.

274 1060 446 1110 Solent
469 1061 731 1111 mendaces
755 1061 894 1110 luere
919 1075 1104 1125 poenas
1128 1060 1354 1110 malefici.

203 1130 536 1181 Calumniator
561 1130 622 1180 ab
649 1145 738 1179 ove
763 1145 876 1179 cum
900 1136 1095 1195 peteret
1118 1131 1272 1187 canis,

201 1199 361 1257 Quem
384 1200 717 1250 commodasse
742 1214 919 1265 panem
945 1215 997 1249 se
1022 1200 1359 1258 contenderet,

202 1270 371 1334 Lupus
396 1271 575 1319 citatus
600 1271 740 1319 testis
764 1285 863 1319 non
890 1285 1043 1319 unum
1067 1269 1213 1319 modo

202 1339 387 1388 Deberi
413 1339 562 1397 dixit,
587 1354 762 1390 verum
788 1339 1059 1389 adfirmavit
1083 1339 1271 1389 decem.

204 1408 321 1459 Ovis
347 1409 572 1459 damnata
596 1409 718 1460 falso
742 1411 1025 1459 testimonio

203 1477 343 1535 Quod
367 1493 467 1528 non
492 1478 706 1530 debebat
730 1480 889 1529 solvit.
939 1479 1056 1529 Post
1080 1493 1263 1544 paucos
1289 1479 1394 1529 dies

204 1547 389 1598 Bidens
414 1550 660 1599 iacentem
683 1550 736 1598 in
760 1550 900 1599 fovea
925 1550 1186 1615 conspexit
1206 1549 1401 1614 lupum:

203 1617 361 1676 Haec,
387 1619 575 1683 inquit,
602 1634 794 1669 merces
818 1619 1006 1669 fraudis
1030 1634 1058 1668 a
1082 1621 1278 1683 superis
1303 1619 1463 1669 datur.

728 1746 768 1793 F
779 1745 826 1793 A
836 1745 879 1792 B
891 1745 938 1792 V
948 1745 989 1793 L
1000 1745 1048 1793 A
1081 1745 1267 1793 XVIII.

605 1826 887 1868 MVLIER
914 1825 1391 1869 PARTVRIENS.

270 1894 426 1945 Nemo
450 1894 666 1946 libenter
689 1897 866 1947 recolit
889 1899 976 1962 qui
998 1897 1141 1947 laesit
1163 1895 1343 1947 locum.

199 1965 416 2016 Instante
440 1973 584 2030 partu
608 1967 789 2016 mulier
814 1969 937 2016 actis
962 1966 1216 2016 mensibus

199 2034 359 2085 Humo
383 2034 575 2085 iacebat
600 2036 793 2085 flebiles
818 2038 1032 2100 gemitus
1056 2038 1212 2085 ciens.

198 2103 286 2153 Vir
311 2110 387 2155 est
408 2104 655 2162 hortatuS‚
683 2120 861 2172 corpus
883 2105 1012 2155 lecto
1036 2108 1300 2171 reciperet,

200 2173 336 2224 Onus
359 2181 565 2224 naturae
588 2175 766 2225 melius
791 2191 887 2240 quo
913 2176 1200 2241 deponeret.

198 2243 425 2302 Minime,
453 2245 639 2309 inquit,
665 2243 752 2295 illo
776 2260 920 2310 posse
946 2246 1137 2295 confido
1161 2245 1268 2294 loco

198 2312 379 2363 Malum
403 2314 564 2372 finiri,
590 2328 687 2380 quo
711 2321 1003 2380 conceptum
1027 2323 1103 2365 est
1127 2317 1287 2364 initio.

750 2428 790 2474 F
801 2427 848 2475 A
860 2427 902 2475 B
913 2428 959 2474 V
968 2428 1010 2476 L
1021 2427 1068 2476 A
1103 2428 1234 2476 XIX.

635 2507 843 2550 CANIS
872 2507 1346 2551 PARTVRIENS.

267 2575 463 2629 Habent
489 2576 696 2629 insidias
719 2578 934 2628 hominis
960 2579 1230 2630 blanditiae
1260 2579 1406 2629 mali·
1453 2588 1457 2591 ·

196 2642 328 2703 Quas
352 2653 409 2696 ut
433 2648 645 2698 vitemus
668 2663 843 2698 versus
867 2647 1077 2698 subiecti
1102 2656 1317 2698 monent.

267 2715 414 2765 Canis
439 2719 723 2782 parturiens
749 2732 859 2767 cum
883 2724 1110 2781 rogasset
1134 2719 1353 2776 alteram,

194 2781 257 2832 Vt
279 2785 434 2834 fetum
459 2788 512 2835 in
538 2790 645 2838 eius
667 2789 867 2852 tugurio
893 2787 1178 2851 deponeret,
