1940 3072
206 93 276 145 40
667 95 936 141 PHAEDRI
969 95 1342 141 FABVLARVM

206 223 348 271 Vetat
373 222 557 271 dimitti
581 234 789 284 magnus
812 219 920 269 illos
945 218 1187 284 Iuppiter.

205 292 370 341 Mirati
395 291 493 340 sibi
518 291 706 354 legatos
729 304 829 339 non
853 291 1112 346 revertier‚

206 361 372 426 Turpe
400 362 718 411 aestimantes
742 358 929 424 aliquid
954 361 1271 409 commissum
1297 374 1325 409 a
1350 361 1469 418 suiS,

205 432 323 481 Post
348 430 546 496 aliquod
570 435 767 494 tempus
792 429 912 478 alios
938 429 1155 478 adscribi
1178 428 1370 479 iubent.

205 501 390 550 Rumor
414 501 599 564 legatos
622 500 906 565 superiores
929 499 1165 564 prodidit.

205 571 460 619 Timentes
483 584 657 619 rursus
681 569 868 634 aliquid
891 584 954 618 ne
980 569 1144 619 simile
1169 569 1377 627 accidat,

204 640 366 690 Odore
392 639 598 690 canibus
624 655 795 696 anum,
824 639 911 688 sed
934 639 1114 697 mult0,
1139 639 1350 704 replent.

204 710 428 764 Mandata
454 709 593 759 dant:
632 709 781 773 legati
807 710 1097 767 mittuntur,
1125 711 1293 758 statim

203 780 414 831 Abeunt.
465 779 711 843 Rogantes
738 779 926 828 aditum
950 780 1183 828 continuo
1207 781 1475 844 inpetrant.

204 850 438 901 Consedit
461 851 657 913 genitor
680 856 786 899 tum
812 849 1017 898 deorum
1041 851 1285 899 maximus

203 920 508 985 Quassatque
533 920 744 969 fulmen:
784 925 999 968 tremere
1025 934 1233 984 coepere
1260 921 1438 969 omnia.

203 990 359 1040 Canes
386 990 602 1047 confusi,
631 988 826 1039 subitus
850 989 980 1053 quod
1005 990 1169 1039 fuerat
1192 991 1374 1053 fragor,

200 1059 423 1125 Repente
450 1059 650 1109 odorem
676 1061 887 1108 mixtum
912 1074 1024 1108 cum
1050 1059 1236 1109 merdis
1261 1065 1449 1110 cacant.

200 1129 488 1179 Reclamant
512 1144 706 1186 omneS‚
734 1129 1078 1178 vindicandam
1102 1131 1357 1179 iniuriam.

203 1199 284 1248 Sic
310 1205 384 1249 est
406 1199 599 1248 locutus
625 1204 736 1249 ante
760 1214 969 1263 poenam
992 1198 1240 1265 Iuppiter:

204 1268 407 1333 Legatos
432 1284 532 1318 non
558 1275 633 1318 est
657 1271 791 1332 regis
815 1284 915 1318 non
941 1269 1207 1326 dimittere,

199 1339 300 1388 Nec
326 1345 401 1388 est
426 1339 626 1388 difficile
651 1354 835 1404 poenas
863 1339 1034 1404 culpae
1060 1341 1326 1404 inponere;

200 1409 299 1458 Sed
323 1409 417 1458 hoc
442 1410 615 1458 feretis
638 1424 731 1474 pro
756 1409 943 1458 iudicio
969 1411 1273 1473 praemium:

198 1478 308 1528 Non
333 1485 443 1529 veto
470 1478 676 1536 dimitti,
703 1493 875 1528 verum
901 1481 1116 1528 cruciari
1143 1480 1289 1536 fame,

197 1549 271 1599 Ne
296 1554 521 1598 ventrem
546 1550 802 1598 continere
827 1563 926 1597 non
950 1550 1144 1614 possint
1167 1564 1327 1600 suum.

198 1618 274 1671 Illi
299 1624 486 1676 autem,
514 1619 599 1683 qui
625 1620 868 1668 miserunt
891 1634 977 1668 vos
1002 1625 1102 1669 tam
1125 1619 1307 1677 futileS,

196 1689 474 1755 Numquam
499 1687 739 1739 carebunt
765 1689 978 1738 hominis
1003 1690 1313 1739 contumelia.

201 1757 298 1823 [Ita
321 1774 453 1808 nunc
477 1758 664 1822 legatos
689 1764 1029 1824 exspectantes
1051 1761 1253 1824 posteri.

195 1828 385 1878 Novum
409 1831 580 1878 venire
606 1830 690 1894 qui
715 1829 872 1886 videt,
901 1830 1064 1879 culum
1089 1827 1297 1894 olfacit]

755 1955 1072 2004 FABVLA
1108 1956 1239 2003 XIX.

382 2037 714 2079 SERPENS.
773 2037 1291 2079 MISERIGORDIA
1319 2037 1604 2082 NOCIVA.

266 2106 361 2164 Qui
386 2109 486 2157 fert
508 2109 651 2158 malis
677 2108 934 2165 auxilium,
962 2114 1071 2172 post
1094 2113 1290 2173 tempus
1316 2108 1459 2158 dolet.

195 2177 317 2227 Gelu
342 2178 585 2240 rigentem
609 2178 808 2243 quidam
834 2177 1091 2227 colubram
1116 2177 1315 2227 sustulit

195 2247 414 2312 Sinuque
439 2248 582 2305 fovit,
611 2254 781 2297 contra
806 2263 858 2297 se
884 2249 992 2312 ipse
1017 2249 1328 2306 misericors;

192 2317 414 2382 Namque
439 2323 495 2367 ut
519 2318 705 2366 refecta
732 2323 832 2375 est,
860 2319 1029 2367 necuit
1053 2317 1305 2367 hominem
1329 2319 1568 2382 protinus,

192 2386 329 2436 Hanc
355 2386 447 2436 alia
473 2402 586 2436 cum
610 2393 810 2450 rogaret
835 2402 1033 2437 causam
1057 2388 1306 2443 facinoris,

190 2455 491 2523 Respondit:
543 2456 732 2522 Nequis
757 2457 915 2506 discat
938 2457 1176 2521 prodesse
1202 2457 1442 2522 inprobis,

761 2584 1079 2633 FABVLA
1114 2585 1221 2633 XX.

601 2665 912 2707 VVLPES
956 2666 1052 2706 ET
1096 2664 1376 2707 DRACO.

241 2719 462 2801 *Vulpem
491 2736 656 2786 cubile
682 2738 897 2793 fodiens,
927 2736 1041 2785 dum
1067 2742 1249 2786 terram
1275 2736 1403 2785 eruit

191 2806 399 2871 Agitque
423 2806 592 2872 plures
617 2807 764 2857 altius
790 2806 1055 2864 cuniculos

1747 365 1803 409 15

1739 1414 1798 1457 30
