1940 3072
226 128 259 180 6
491 170 507 187 ‚
924 84 1137 175 HYLAs
1223 84 1227 95 ³

234 263 315 304 125
336 252 414 306 Ut
434 271 568 321 puer
593 254 673 304 est
695 251 858 319 uisus,
883 250 1066 304 faciles
1095 252 1259 304 risere
1281 251 1493 320 puellae
1753 298 1763 308 ,
1822 279 1940 302 ι

110 366 121 378 .
175 345 211 383 ε]
339 323 412 376 Et
436 324 642 375 lautum
665 321 875 374 uenisse
899 324 1108 389 putant.
1157 321 1334 390 placet
1359 321 1607 376 omnibus
1634 321 1829 378 idem:¹

334 392 443 446 Uix
468 410 658 444 urnam
683 391 929 444 submisit
953 392 1105 460 aquis
1132 391 1477 461 dextramque
1501 392 1756 446 tetendit:
1792 433 1794 435 .
1836 395 1940 460 ῑζζ

335 462 470 516 Cum
496 480 602 532 quo
639 480 694 514 se
718 460 1002 530 Nymphae
1026 461 1227 530 pariter
1256 462 1484 516 mersere
1519 463 1617 516 sub
1641 462 1843 521 unda&

333 533 571 601 Expauit
594 532 668 584 sic
694 535 879 600 raptus
904 531 1036 584 Ylas
1061 533 1391 601 pauidusque
1415 533 1633 601 petebat
1914 536 1940 598 ᾗΞζ

234 613 315 653 130
333 603 572 655 Herbida
596 621 701 671 quo
727 602 958 654 uitreum
983 602 1143 654 tellus
1167 602 1474 671 perfuderat
1498 606 1729 658 antrum.
1823 611 1825 613 ’

335 673 577 742 Deiopea
600 677 782 725 tamen
808 675 1026 725 cunetas
1051 672 1267 725 hortata
1291 691 1500 726 sorores

333 743 660 812 Adloquitur
683 761 933 811 puerum:
974 747 1114 795 ‘non
1137 746 1191 795 te
1218 744 1369 796 decet
1393 762 1486 796 ora
1509 744 1686 814 rigare

292 830 298 836 ·
333 812 602 882 Fletibus,
629 813 766 865 alme
793 831 947 882 puer,
974 813 1151 881 ploret
1177 814 1428 867 deformis
1453 815 1658 884 imagO‚

334 882 463 936 Non
489 887 569 936 est
592 883 718 936 flere
744 887 924 950 tuum,
949 883 1206 936 mundum
1231 885 1331 936 tibi
1355 884 1536 937 nullus
1562 884 1774 937 ademit.
1882 952 1886 953 ⁷
1938 923 1940 925 >

231 962 312 1003 135
335 953 451 1006 Nos
475 972 621 1021 rosa,
648 972 747 1006 nos
772 954 972 1022 uiolae,
1007 972 1107 1006 nos
1131 954 1246 1006 lilia
1268 955 1493 1022 pulchra
1517 957 1801 1023 coronant,
1836 964 1840 966 ’

332 1023 447 1077 Nos
472 1023 810 1092 Hyacinthus
836 1027 978 1076 amat
987 1066 1001 1092 ,
1037 1028 1220 1077 noster
1242 1024 1524 1077 Narcissus
1552 1026 1618 1077 ab
1643 1024 1826 1077 undis:

331 1093 649 1164 Fontigenis
675 1094 767 1147 dat
791 1098 931 1147 serta
952 1095 1117 1148 comis
1142 1094 1458 1164 redimitque
1485 1095 1706 1164 capillos

336 1163 605 1233 Quidquid
629 1165 776 1217 floris
803 1165 912 1217 olet
937 1165 1195 1234 quidquid
1221 1166 1350 1217 dant
1373 1169 1527 1234 prata
1551 1167 1770 1219 ruboris,

333 1234 414 1286 Tu
439 1238 623 1287 noster
646 1235 755 1287 iam
781 1253 1007 1303 sponsus
1033 1236 1136 1287 eris
1162 1236 1276 1288 sine
1300 1236 1407 1287 fine
1433 1235 1685 1288 dierum.'

231 1314 311 1353 140
334 1305 434 1357 His
461 1305 615 1357 dictis
641 1309 876 1358 mentem
899 1306 1052 1374 pueri
1077 1306 1344 1358 mulcebat
1368 1306 1553 1359 amica.

0 1375 543 1498 werea
567 1375 889 1428 furibundus
916 1376 1089 1428 adhuc
1113 1376 1426 1444 Tirynthius
1451 1377 1565 1429 ibat

431 1446 666 1498 olamans
694 1446 981 1514 quaerebat
1005 1446 1174 1513 Ylan,
1203 1447 1287 1498 0111
1313 1446 1462 1499 littus
1489 1450 1542 1499 et
1565 1445 1709 1498 unda

332 1516 597 1568 Herculea
622 1535 743 1569 011111
774 1534 905 1568 11000
932 1520 1149 1583 sonant,
1178 1520 1231 1568 et
1259 1535 1455 1569 nomen
1481 1517 1645 1569 amati

331 1585 547 1638 Montes
573 1586 709 1639 silua
734 1589 954 1655 uocant,
989 1590 1200 1638 tantum
1223 1587 1347 1639 fons
1376 1587 1467 1639 ille
1492 1587 1703 1639 tacebat

227 1665 307 1705 145
331 1656 397 1708 In
424 1675 529 1725 quo
556 1659 740 1725 raptus
766 1656 923 1708 Ylas:
962 1675 1083 1709 cum
1107 1658 1213 1708 iam
1238 1660 1500 1709 remearet
1525 1657 1590 1709 ad
1616 1661 1766 1709 astra
1921 1710 1930 1715 N

330 1726 462 1779 Post
485 1727 686 1779 factum
722 1727 976 1795 pinnatus
1001 1727 1170 1779 Amor
1205 1728 1466 1795 matrique
1491 1726 1827 1794 triumphum
1903 1739 1906 1742 ’

331 1796 657 1865 Adportaret
683 1816 874 1864 ouanS‚
902 1815 1088 1850 uocem
1115 1798 1241 1849 deus
1266 1797 1511 1850 Herculis
1537 1797 1716 1849 hausit

330 1866 403 1918 Et
428 1868 658 1936 gemitus
685 1868 986 1935 quaerentis
1013 1867 1172 1920 Ylan.
1226 1868 1309 1919 cui
1336 1871 1484 1937 gesta
1508 1868 1731 1934 fatetur,

330 1937 535 1989 Alcidis
563 1939 812 1990 comitem
836 1938 1004 1990 fontis
1029 1938 1266 2006 rapuisse
1292 1938 1520 2005 puellaS‚
1798 1936 1810 1948 '

230 2015 311 2054 150
332 2006 554 2075 Ignibus
580 2008 764 2059 Idaliis
792 2012 974 2059 exutas
1000 2007 1286 2060 Herculeas
1314 2026 1447 2076 spes,

335 2075 587 2145 Obriguit
611 2079 918 2147 gemuitque
945 2078 1103 2130 simul
1129 2078 1440 2145 clauamque
1466 2077 1694 2128 remisit:

335 2145 407 2198 eO
435 2147 634 2199 frustra
658 2148 860 2200 nutrite
885 2166 1017 2216 puer
1027 2190 1041 2215 ,
1075 2151 1339 2216 spectator
1365 2148 1561 2215 ubique

332 2215 561 2268 Uirtutis
586 2236 681 2285 per
706 2221 897 2270 cuncta
921 2236 1085 2270 meae.
1146 2221 1198 2270 te
1223 2220 1357 2269 teste
1383 2217 1582 2285 pericla

331 2284 499 2354 Saepe
526 2288 627 2338 tuli
655 2306 775 2339 cum
800 2289 972 2339 uictus
999 2306 1148 2356 aper,
1177 2306 1296 2339 cum
1323 2287 1492 2339 fracta
1517 2287 1687 2339 leonis

84 2367 146 2406 I'P·
170 2365 206 2406 7]
232 2364 310 2404 155
335 2354 487 2408 Colla
514 2355 765 2409 Cleonaei
789 2358 897 2409 telo
924 2361 1174 2425 parcente
1199 2364 1483 2424 necantur,

337 2526 416 2565 126
447 2527 509 2566 Et
538 2527 712 2567 lentum
735 2530 1003 2578 corruptelae
1032 2530 1190 2580 sr'ytzum
1219 2529 1492 2567 interiectum.
1525 2540 1641 2567 corr.
1663 2526 1821 2566 Bzceelz.

224 2581 267 2619 in
297 2584 482 2634 margine
514 2585 663 2623 literae
694 2585 1007 2635 conspiciamur
1039 2584 1104 2635 Cy
1193 2585 1272 2624 129
1302 2581 1514 2635 pauidus]
1548 2583 1678 2623 littus
1709 2584 1823 2623 eoni-

225 2637 314 2675 ez‘as
352 2640 434 2678 nisi
471 2652 619 2679 uersus
658 2653 761 2679 unus
804 2643 1000 2689 pluresue
1037 2641 1343 2680 interciderunt
1478 2639 1556 2680 136
1601 2639 1822 2690 Iacyntus

227 2692 306 2731 137
339 2693 595 2746 redigitque
686 2697 765 2736 138
796 2696 916 2735 floris
950 2695 1065 2736 solet
1093 2698 1361 2747 corruptelae
1393 2700 1494 2735 nota
1522 2696 1666 2735 uersat·
1690 2706 1822 2746 prae·

223 2748 361 2787 missa.
422 2751 599 2790 ruboris
629 2753 841 2803 suppleuit
870 2751 1029 2795 Rueck,
1133 2753 1210 2790 141
1244 2750 1476 2801 Tyrintius
1572 2752 1651 2790 145
1681 2751 1826 2790 uer-sui

219 2804 424 2854 praefixa
454 2812 517 2845 est
548 2811 818 2858 corruptelae
850 2813 951 2848 nota
1054 2809 1133 2848 150
1162 2805 1298 2857 Idalij
1332 2810 1516 2846 rexutas
1620 2807 1697 2847 151
1729 2805 1821 2846 cla-

224 2869 419 2910 uumque
537 2864 618 2902 154
654 2862 772 2914 Sepe
890 2865 970 2904 155
1002 2863 1177 2903 cleonei
