1940 3072
760 142 940 189 LIBER
973 143 1057 192 111.

113 265 357 332 Sperante
380 264 620 316 heredem
644 267 803 316 suffici
827 282 881 316 se
904 269 1199 332 proximum.

113 335 208 394 Qui
233 351 345 387 cum
370 336 430 386 de
455 351 612 401 puero
635 336 789 386 multa
812 339 1050 387 mentitus
1072 338 1202 388 foret

110 406 173 457 Et
196 407 339 472 plura
364 406 424 456 de
449 406 652 469 flagitiis
676 411 838 455 castae
863 407 1104 466 mulieris»,

110 475 302 526 Adiecit
325 475 403 534 id,
430 475 561 540 quod
585 475 833 525 sentiebat
856 478 1068 526 maxime

108 545 388 596 Doliturum
414 547 621 602 amanti,
648 547 890 595 ventitare
917 545 1194 597 adulterum

110 615 392 681 Stuproque
417 617 552 680 turpi
578 614 731 679 pollui
755 616 936 665 famam
962 616 1152 666 domus,

107 685 346 736 Incensus
370 685 452 734 ille
478 685 600 734 falso
629 687 795 735 uxoris
819 687 1028 735 crimine

110 754 368 805 Simulavit
390 757 488 804 iter
514 755 576 805 ad
599 755 765 804 villam
791 755 1014 821 clamque
1039 757 1093 804 in
1120 757 1302 820 oppido

108 825 368 875 Subsedit:
407 825 585 874 deinde
610 830 760 874 noctu
784 824 950 874 subito
975 827 1175 875 ianuam

106 895 334 952 Intravit,
359 901 497 944 recta
522 893 805 944 cubiculum
831 896 999 944 uxoris
1022 900 1212 959 petenS‚

18 1019 21 1022 ,
105 965 161 1015 In
186 980 283 1030 quo
308 964 526 1014 dormire
550 970 713 1014 mater
737 970 908 1014 natum
931 966 1155 1022 iusserat,

105 1036 328 1086 Aetatem
353 1034 568 1084 adultam
594 1049 794 1084 servans
820 1034 1121 1098 diligentius.

104 1104 233 1156 Dum
258 1110 501 1170 quaerunt
523 1104 715 1162 lumen,
743 1104 859 1153 dum
885 1110 1182 1154 concursant
1206 1105 1409 1164 familia,

104 1175 213 1225 Irae
238 1175 451 1225 furentis
475 1176 701 1239 inpetum
724 1189 823 1223 non
850 1176 1103 1224 sustinens

104 1245 179 1295 Ad
202 1245 385 1294 lectum
410 1244 602 1294 accedit
617 1283 630 1302 ‚
656 1250 864 1309 temptat
886 1246 940 1293 in
965 1243 1188 1293 tenebris
1213 1251 1376 1309 caput.

103 1314 166 1364 Vt
190 1316 341 1365 sentit
366 1320 588 1371 tonsum,
615 1313 779 1377 gladio
803 1320 975 1378 pectus
999 1316 1244 1378 transigit,

103 1383 240 1435 Nihil
264 1387 542 1449 respiciens
557 1422 570 1440 ,
599 1384 715 1433 dum
740 1383 960 1433 dolorem
981 1384 1215 1433 vindicet.

102 1454 330 1505 Lucerna
356 1455 537 1511 adlata,
565 1454 709 1503 simul
736 1453 960 1518 adspexit
983 1454 1139 1503 filium

105 1524 429 1590 Sanctamque
455 1539 662 1574 uxorem
686 1524 1014 1573 dormientem
1040 1522 1286 1582 cubiculo,

105 1595 275 1660 Sopita
299 1597 460 1659 primo
486 1609 611 1658 quae
636 1593 708 1643 nil
735 1609 905 1643 somno
931 1600 1179 1651 senserat;

101 1664 509 1730 Repraesentavit
531 1665 585 1713 in
610 1679 664 1713 se
689 1678 898 1728 poenam
921 1664 1158 1714 facinoris

101 1734 164 1785 Et
188 1735 323 1784 ferro
348 1733 603 1799 incubuit,
629 1733 762 1798 quod
786 1733 1052 1783 credulitas
1079 1735 1362 1783 strinxerat.

101 1806 424 1855 Accusatores
447 1804 760 1869 postularunt
784 1803 1043 1853 mulierem

99 1874 401 1939 Romamque
426 1879 776 1938 pertraxerunt
801 1873 862 1921 ad
887 1876 1231 1923 centumviros.

5 1951 9 1955 '
99 1944 311 2008 Maligna
334 1946 582 1994 insontem
609 1943 846 2007 deprimit
871 1944 1095 2007 suspitio,

99 2012 237 2071 Quod
265 2013 393 2064 bona
418 2013 682 2078 possideat.
734 2011 875 2061 Stant
898 2014 1095 2076 patroni
1121 2013 1319 2062 fortiter

100 2084 306 2135 Causam
332 2089 529 2133 tuentes
555 2084 834 2132 innocentis
858 2083 1086 2132 feminae.

170 2156 211 2203 A
235 2153 355 2202 Divo
381 2154 600 2216 Augusto
625 2158 744 2202 tunc
769 2154 958 2216 petiere
983 2152 1189 2209 iudices,

98 2223 159 2273 Vt
185 2223 436 2273 adiuvaret
461 2225 588 2273 iuris
613 2222 815 2272 iurandi
839 2222 1003 2279 fidem,

98 2292 239 2350 Quod
264 2295 398 2358 ipsos
423 2308 566 2342 error
591 2292 901 2357 inplicuisset
926 2293 1168 2341 criminis,

98 2362 193 2419 Qui
217 2370 477 2428 postquam
501 2362 736 2412 tenebras
763 2362 966 2427 dispulit
991 2362 1265 2411 calumniae

99 2433 397 2497 Certumque
422 2434 611 2482 fontem
634 2433 860 2481 veritatis
884 2434 1132 2496 repperit:

96 2502 247 2559 Luat,
276 2504 462 2567 inquit,
490 2517 675 2567 poenas
698 2517 846 2550 causa
870 2501 1082 2551 libertus
1106 2501 1247 2558 mali;

96 2571 320 2637 Namque
347 2571 518 2621 orbam
543 2578 657 2622 nato
684 2571 831 2623 simul
858 2578 907 2619 et
931 2573 1173 2635 privatam
1198 2571 1305 2618 viro

96 2641 426 2691 Miserandam
451 2643 617 2706 potius
641 2656 788 2705 quam
814 2640 1138 2690 damnandam
1166 2640 1411 2688 existimo·

98 2709 241 2768 Quod
266 2713 307 2760 si
334 2711 492 2761 delata
516 2715 856 2776 perscrutatus
881 2711 1091 2759 crimina

97 2778 458 2830 Paterfamilias
483 2787 637 2838 esset,
676 2782 718 2830 si
743 2779 1054 2829 mendacium

99 2848 359 2900 Subtiliter
383 2852 636 2909 rimasset,
663 2867 692 2901 a
716 2848 970 2901 radicibus

1648 142 1716 196 25

1657 484 1711 528 15

1652 833 1709 875 20

1650 1182 1706 1224 25

1650 1530 1706 1573 30

1648 1878 1701 1920 35

1645 2227 1702 2268 40

1645 2575 1699 2615 45
