1940 3072
746 149 802 190 x*
822 127 1041 193 seo—182
1139 141 1142 143 ’
1190 206 1194 207 ⁷
1625 150 1706 218 65

195 272 475 343 Adprobet
498 273 601 327 hos
624 291 777 327 arcus
803 274 1048 328 dominae
1082 275 1202 344 plus
1225 293 1382 344 posse
1407 276 1692 345 pharetris,

0 396 10 410 ‚
55 411 66 414 -
194 341 250 396 N
251 361 442 412 amque
467 343 645 407 Diana
666 344 833 412 feraS,
860 362 1045 398 ceruos
1070 349 1126 398 et
1148 346 1312 415 figere
1336 347 1575 410 ‘dammas

0 419 22 475 s!
91 421 174 463 155
193 412 442 467 Adsolet:
479 414 583 467 hoc
607 414 774 466 telum
798 431 952 484 reges
977 418 1031 468 et
1053 416 1277 468 numina
1300 416 1434 486 figit.
1449 422 1464 443 '

0 490 17 503 ''
200 481 465 545 Quattuor
488 484 694 537 interea
717 485 902 538 niueas
928 485 1135 538 adstare
1161 486 1431 539 columbas

201 551 392 623 Cypris
417 572 643 607 amoena
666 555 839 623 iubet,
870 555 1037 608 roseis
1061 555 1342 608 frenantur
1366 557 1576 625 abeniS‚

201 623 439 679 Candida
461 625 702 692 puniceis
729 625 1029 688 subduntur
1054 626 1193 679 colla
1221 627 1437 695 rosetiS,

0 730 18 762 3,-
197 692 339 747 Nam
356 694 484 764 iuga
498 698 625 747 sunt
636 698 913 764 compacta
930 697 1081 764 rosiS,
1101 697 1207 748 fert
1217 695 1403 749 dextra
1420 696 1694 765 flagellum

0 773 14 834 15
94 773 179 814 160
199 763 447 833 Purpura
471 766 614 833 quod
638 765 816 818 mollis
840 766 1018 818 tenuis
1045 765 1188 834 quod
1213 767 1410 818 sericus
1438 770 1609 819 ornat.

93 855 97 859 ’
197 834 315 887 Iam
338 835 559 888 uolucer
583 835 894 888 conscendit
917 854 1044 888 aues
1069 839 1123 887 et
1149 835 1347 888 blanda
1372 836 1621 904 uoluptas

195 904 249 957 It
273 922 464 973 comeS,
495 905 768 974 amplexus
787 906 1030 973 ueniunt,
1056 905 1398 974 Hymenaeus
1424 906 1691 974 adhaeret,

197 973 405 1027 Gaudia
429 978 779 1043 concurrunt,
806 976 942 1028 risus
969 979 1128 1044 atque
1156 977 1337 1028 oscula
1360 980 1610 1046 pergunt.

196 1044 339 1098 Nam
363 1045 489 1098 licet
511 1045 706 1098 Idalias
732 1046 988 1098 sociarint
1011 1046 1166 1098 frena
1191 1046 1464 1099 columbas

93 1124 173 1166 165
192 1114 266 1168 Et
289 1116 502 1168 iunctae
526 1134 623 1184 per
648 1119 838 1168 cuncta
862 1116 1075 1183 uolent,
1113 1120 1294 1168 tamen
1328 1117 1558 1186 impiger
1582 1117 1691 1171 ales

193 1185 354 1238 Nunc
377 1185 516 1238 hanc
541 1204 684 1238 nunc
711 1186 859 1238 illam
884 1186 1080 1238 residet
1104 1186 1406 1255 gaudetque
1431 1187 1636 1257 iugales

194 1255 310 1308 Iam
334 1256 571 1308 releuare
598 1274 718 1308 suas
745 1260 798 1308 et
821 1274 877 1308 se
902 1274 1125 1325 pensare
1151 1256 1352 1309 uolatU.

197 1324 476 1379 Sublatum
502 1326 735 1394 propriis
759 1327 1020 1394 persentit
1043 1327 1102 1378 in
1127 1344 1250 1378 aera
1273 1327 1455 1394 pinnis

196 1396 458 1466 Aurigam
484 1396 743 1465 quadriga
771 1396 986 1463 uolans⁷
1013 1397 1313 1464 iterumque
1340 1397 1613 1450 columbas

94 1474 175 1515 170
195 1465 420 1535 Adpetit
443 1469 497 1518 et
520 1466 785 1535 pharetris
811 1466 1034 1519 conlidit
1060 1466 1216 1518 dorsa
1239 1466 1534 1519 uolantum.

115 1558 117 1560 ·
194 1535 450 1590 Nondum
475 1555 570 1604 per
589 1535 863 1604 Scythicas
889 1537 1085 1606 glacies
1102 1538 1206 1589 stat
1231 1537 1458 1589 barbara
1477 1536 1692 1590 Colchis

195 1605 289 1659 Set
312 1607 419 1659 iam
443 1606 632 1658 bruma
655 1607 837 1676 rigens
863 1607 1050 1660 Arctoi
1074 1607 1280 1659 tristior
1305 1607 1419 1659 axis

195 1677 466 1745 Torpebat
490 1679 734 1729 concreta
759 1677 906 1746 gelu,
933 1678 977 1729 it
1000 1677 1252 1746 pinniger
1279 1677 1478 1744 audax,

194 1746 269 1799 Et
292 1747 464 1815 magis
489 1764 702 1798 accessu
726 1747 879 1815 pueri
903 1747 1064 1816 plaga
1088 1751 1292 1799 maesta
1316 1751 1526 1799 serenat

97 1825 177 1865 175
197 1817 508 1869 Aduentum
531 1819 725 1868 testata
751 1816 859 1884 dei,
889 1835 1015 1869 mox
1039 1820 1178 1868 tetra
1202 1816 1461 1886 fugantur

195 1886 418 1954 Nubila,
445 1886 715 1938 caeruleos
741 1887 974 1938 excludit
996 1887 1294 1955 flammiger
1318 1887 1530 1940 imbres,

196 1956 370 2025 Impia
394 1957 500 2009 iam
528 1955 742 2009 Colchis
769 1957 876 2008 iam
902 1957 1112 2008 saeuior
1137 1975 1229 2008 ara
1252 1955 1459 2009 Dianae

198 2027 462 2096 Coeperat
488 2026 720 2094 ostendi,
747 2027 853 2078 iam
879 2031 1007 2078 tunc
1031 2026 1318 2078 mandante
1343 2030 1572 2095 tyranno

195 2097 334 2150 Ecce
358 2096 670 2149 trahebatur
696 2114 791 2148 ceu
816 2101 1000 2148 taurus
1025 2097 1247 2165 pulcher
1274 2096 1457 2164 Iason,

0 2163 14 2178 ²
96 2177 179 2216 180
201 2166 370 2229 Quem
394 2167 634 2235 sequitur
659 2167 846 2218 Medea
870 2185 1069 2219 nocens
1095 2170 1392 2236 urguetque
1419 2167 1693 2220 ministros

199 2237 414 2290 Nudato
441 2254 696 2289 mucrone
720 2237 918 2289 furens.
970 2237 1188 2288 delubra
1213 2237 1464 2289 subibant

199 2307 419 2376 Iamque
444 2307 879 2375 propinquabant
906 2308 1025 2359 aris,
1077 2307 1168 2358 sed
1192 2325 1393 2359 numen
1418 2311 1692 2359 amantum
1715 2331 1768 2370 [P.
1791 2328 1851 2370 83]

206 2548 287 2587 154
319 2546 506 2600 effigere
539 2560 652 2587 corr.
692 2547 844 2586 Rueck.
942 2548 1016 2586 161
1051 2559 1160 2586 aues
1191 2560 1304 2587 corr.
1335 2560 1394 2587 ex
1426 2547 1525 2586 auis
1618 2547 1695 2586 165

93 2603 296 2643 uinctae.
356 2603 540 2643 iunctae
565 2618 590 2657 γ
710 2604 789 2642 167
822 2602 1023 2643 uolatum
1058 2617 1170 2642 corr.
1204 2602 1361 2642 Bneclz.
1482 2604 1560 2642 170
1590 2614 1696 2641 con·

43 2694 45 2698 Α
93 2657 234 2698 cludit
263 2672 376 2699 corr.
409 2658 569 2699 Buech.
690 2660 767 2699 172
799 2659 858 2697 Et
888 2659 977 2697 iam
1011 2672 1122 2699 eor-r.
1159 2658 1314 2698 Bueeh.
1426 2659 1503 2697 173
1535 2663 1697 2697 coacta

97 2713 200 2766 gelu
238 2718 286 2754 et
322 2728 436 2757 corr.
470 2715 625 2755 Buech.
778 2717 850 2755 177
891 2721 987 2754 ante
1022 2714 1204 2754 Colchis
1243 2716 1393 2753 literae
1431 2715 1694 2763 conspiciun-

97 2775 166 2810 tur
201 2769 313 2810 coch
350 2773 430 2811 sed
465 2773 617 2811 lineola
659 2771 839 2811 obducta
877 2772 1041 2810 deletae
1180 2772 1258 2810 179
1298 2777 1542 2809 centaurus
1579 2782 1693 2811 corr.

94 2824 259 2866 Bacch.
391 2827 469 2867 180
505 2827 741 2868 ministras
779 2841 893 2866 corr.
926 2827 1084 2866 Bueeh.
1124 2827 1179 2876 ‘'f-
1220 2840 1258 2865 u.
1291 2827 1374 2865 261
1511 2826 1588 2866 182
1627 2825 1691 2864 sic

92 2893 205 2921 corr.
240 2881 398 2922 Bueclz.

180 2956 400 2988 DnAcowrn
422 2957 607 2991 carmina.
1331 2953 1356 2991 5
