1940 3072
927 158 930 159 ⁷
955 138 1153 181 HYLAS

279 279 334 318 60
359 266 621 319 Iudicium
644 263 852 317 Paridis
876 263 964 315 uel
988 265 1225 332 nostrOS,
1252 265 1376 315 nate
1387 261 1748 332 ‚triumphos

364 336 657 389 Cantarent
679 333 872 386 fluidae
898 334 1174 401 carpentes
1199 350 1366 401 pensa
1389 332 1869 401 puellae.

360 406 461 459 Est
523 405 714 457 emitus
739 403 877 456 haec
898 421 1056 456 causa
1079 403 1202 455 mei.
1255 421 1386 471 quas
1410 418 1521 455 ure
1532 401 1742 472 sagittis

367 423 541 529 Gorffa
565 475 652 527 uel
677 474 890 526 illarum
916 473 1056 526 dulci
1082 473 1337 542 continge
1368 490 1887 525 ueneno:
1912 531 1914 533 Γ
1938 529 1940 531 ,

363 545 605 598 Noscant
629 544 755 613 quid
781 543 852 596 sit
875 561 1040 611 amor,
1067 543 1275 596 discant
1297 546 1391 595 tua
1413 543 1523 596 tela
1538 543 1781 610 puellares
1848 551 1850 553 ’
1907 548 1940 607 35

285 628 337 666 65
365 615 567 667 Alcidis
594 632 769 667 comes
795 617 875 666 est
900 631 1075 665 comes
1101 613 1395 681 puerilibus
1420 613 1576 665 annis
1874 614 1885 651 Τ
1932 609 1940 629 ⁴

368 684 537 747 Quem
561 687 726 737 rubor
750 687 810 736 ut
833 702 1016 736 roseus
1044 686 1117 735 sic
1145 684 1343 736 candor
1367 683 1568 735 lacteus
1595 685 1777 752 ornat,
1836 692 1839 693 ’
1931 685 1940 710 ³

364 755 452 807 Illi
477 772 775 824 purpureus
800 755 961 806 niueo
987 757 1139 806 natat
1161 754 1303 822 ignis
1329 754 1387 805 in
1413 771 1527 805 ore:

127 841 181 881 [p.
203 840 239 879 4]
369 825 486 877 Hoc
510 843 676 893 puero
703 825 818 876 uiso
844 824 1219 892 Nympharum
1245 824 1403 876 turba
1428 824 1667 875 calescat.

366 895 512 947 Haec
536 895 643 946 illis
670 895 739 946 sit
762 912 939 962 poena
962 912 1163 946 nocens
1188 898 1249 946 ut
1273 897 1401 946 uota
1425 893 1708 945 trahantur

286 977 339 1015 70
363 966 608 1033 Ipsarum
633 965 690 1016 in
716 965 939 1033 longum
966 964 1134 1016 donec
1158 965 1413 1031 pubescat
1437 967 1689 1016 amatus.’

366 1035 487 1087 Ibat
511 1034 684 1087 adhuc
709 1035 767 1086 in
791 1035 956 1086 uerba
982 1034 1134 1086 dolor
1157 1035 1216 1085 ni
1240 1033 1491 1103 pinniger
1516 1034 1687 1086 audax

369 1104 662 1157 Dimittens
686 1107 911 1164 matrem
936 1104 1206 1156 fricuisset
1232 1108 1348 1156 cote
1375 1104 1614 1173 sagittas,
1716 1117 1718 1119 ’

367 1177 513 1226 Arcu
538 1175 743 1226 cinctus
771 1177 906 1241 erat,
935 1174 1130 1226 dantur
1153 1175 1275 1242 post
1298 1177 1451 1242 terga
1474 1174 1756 1242 pharetrae

369 1245 582 1312 Accipit
607 1248 660 1296 et
683 1245 922 1296 flammas
957 1243 1237 1296 hominum
1263 1244 1549 1312 diuumque
1575 1244 1839 1312 uoluptas,

291 1326 343 1364 75
369 1315 568 1367 Euolat
593 1317 846 1366 armatus,
898 1314 989 1366 uix
1017 1315 1220 1366 caelum
1249 1314 1479 1382 liquerat
1503 1314 1613 1366 ales

371 1385 589 1452 Iamque
614 1387 763 1436 tenet
787 1387 981 1436 terras:
1021 1385 1095 1436 316
1121 1385 1286 1436 currit
1310 1385 1505 1436 inentis
1530 1400 1768 1436 acumen.

373 1453 449 1506 Ut
475 1455 625 1506 uenit
650 1454 715 1505 ad
741 1454 972 1521 fontem,
1000 1454 1227 1522 lapidem
1259 1454 1485 1522 proiecit
1507 1454 1565 1505 in
1590 1453 1774 1508 undas,

375 1523 656 1577 Concussit
680 1524 852 1576 uitreo
880 1525 1086 1576 sonitus
1113 1525 1210 1576 sub
1235 1524 1386 1576 fonte
1410 1524 1630 1592 puellas.

372 1594 618 1646 Exiliunt
642 1597 886 1660 cunctae,
914 1597 1178 1661 quaerunt
1203 1612 1336 1663 quae
1363 1612 1521 1646 causa
1555 1594 1759 1662 quietas

290 1676 344 1715 80
375 1664 650 1716 Sollicitet.
700 1664 918 1716 uolucer
942 1663 1155 1732 fugiens
1186 1683 1372 1716 nemus
1399 1665 1565 1716 intrat
1591 1681 1842 1732 opacum,

374 1733 608 1801 Moxque
635 1734 719 1785 dei
744 1734 924 1786 uultus
951 1735 1213 1786 uestiuit
1198 1752 1374 1804 unago
1401 1734 1612 1801 Naidis,

376 1804 570 1856 Tendit
594 1805 831 1856 membra
855 1822 987 1872 puer
1012 1804 1204 1874 longos
1231 1808 1290 1856 ut
1315 1805 1556 1857 crescat
1541 1823 1599 1856 1n
1627 1806 1773 1856 artus

375 1873 451 1926 Ut
474 1874 645 1942 possit
670 1874 934 1942 compleie
962 1874 1112 1926 dolos
1139 1893 1199 1927 ac
1224 1875 1367 1926 iussa
1388 1875 1624 1942 parentis

375 1943 582 1997 Glauca
607 1944 766 2012 pedes
793 1945 1007 1996 fluitans
1034 1945 1197 1997 uestis
1222 1945 1431 1997 laxatur
1456 1944 1560 1996 ad
1546 1962 1706 2012 111103,

291 2026 344 2064 85
378 2013 618 2067 Candida
644 2014 819 2065 diffusi
845 2014 1036 2066 ludunt
1059 2033 1156 2082 per
1180 2015 1317 2067 60113
1343 2015 1523 2083 capilli

375 2084 447 2136 Et
474 2087 635 2136 uento
664 2084 987 2154 crispante}D
956 2085 1122 2136 oradu
1149 2103 1300 2137 coma
1325 2085 1547 2136 fluctuat
1572 2086 1713 2150 acta,

376 2155 547 2205 Frons
573 2153 774 2206 nudata
799 2154 949 2206 decet
955 2129 1144 2207 ὃ(1111130
1171 2155 1378 2223 fulgida
1403 2156 1571 2221 crine,

375 2223 448 2275 Et
474 2224 622 2275 uelut
647 2224 846 2277 inuitos
874 2242 1083 2293 gressus
1109 2225 1421 2293 pudibunda
1446 2224 1697 2277 mouebat

376 2293 633 2345 Incedens
660 2295 908 2362 fluxoque
934 2295 1104 2346 latent
1130 2295 1226 2346 sub
1251 2295 1488 2363 tegmine
1511 2294 1726 2362 pinnae.

294 2373 350 2412 90
374 2362 732 2431 Misceturque
759 2382 891 2431 puer
916 2364 1182 2433 Nymphis
1208 2365 1305 2416 sub
1331 2363 1508 2416 fronte
1533 2363 1742 2431 puellae

376 2433 449 2484 Et
474 2450 656 2484 causas
689 2435 952 2501 perquirit
976 2437 1146 2486 Amor
1171 2452 1263 2486 cur
1288 2434 1437 2486 fonte
1463 2434 1649 2485 relicto

376 2502 565 2554 Terras
592 2508 748 2555 cauta
773 2504 932 2572 petit,
959 2505 1133 2556 facilis
1160 2505 1245 2556 6111
1270 2506 1428 2556 turba
1452 2504 1640 2555 fluenti

383 2647 435 2685 6⁵2
485 2646 667 2697 genitus
706 2659 817 2688 corr.
858 2646 1016 2687 Rueck.
1160 2648 1215 2686 64
1251 2647 1423 2687 Noscat
1465 2648 1734 2697 corruptelae
1772 2648 1871 2684 nota

271 2703 414 2740 uersui
456 2705 709 2753 praeposita
854 2704 907 2742 65
954 2699 1126 2755 comes]
1173 2702 1337 2742 florens
1382 2703 1448 2742 uel
1492 2701 1641 2741 mollis
1687 2701 1871 2740 conicias

272 2757 324 2795 71
355 2756 448 2796 Iret
478 2770 592 2797 corr.
623 2757 781 2798 Bueeh.
811 2756 817 2810 1
845 2758 891 2796 ui
926 2759 1067 2798 uerba
1184 2760 1236 2798 73
1269 2758 1540 2797 Arcucintus
1655 2758 1709 2797 74
1739 2757 1871 2796 Aeo-1-

273 2812 370 2863 piet
483 2813 536 2851 81
569 2814 653 2852 alia
684 2820 724 2853 et
752 2813 890 2865 proba
920 2827 1113 2854 mensura
1143 2813 1314 2853 Naidas
1344 2814 1430 2853 VII
1461 2815 1514 2854 35
1629 2814 1685 2853 84
1722 2825 1873 2852 corru-

272 2870 412 2918 ptelae
452 2875 553 2908 nota
585 2871 851 2921 praeposita.
910 2872 1090 2922 spatium
1120 2883 1203 2910 non
1232 2871 1419 2910 relictum
1535 2870 1589 2910 89
1619 2867 1875 2909 Incendens
