<?xml version="1.0" encoding="UTF-8"?>
<!DOCTYPE html PUBLIC "-//W3C//DTD XHTML 1.0 Transitional//EN"
    "http://www.w3.org/TR/xhtml1/DTD/xhtml1-transitional.dtd">
<html xmlns="http://www.w3.org/1999/xhtml" xml:lang="en" lang="en">
 <head>
  <title>
</title>
<meta http-equiv="Content-Type" content="text/html;charset=utf-8" />
  <meta name='ocr-system' content='tesseract 3.04.00' />
  <meta name='ocr-capabilities' content='ocr_page ocr_carea ocr_par ocr_line ocrx_word'/>
</head>
<body>
  <div class='ocr_page' id='page_1' title='image "./phaedriaugustili00phaeuoft_0087.png"; bbox 0 0 1940 3072; ppageno 0'>
   <div class='ocr_carea' id='block_1_1' title="bbox 11 0 828 94">
    <p class='ocr_par' dir='ltr' id='par_1_1' title="bbox 11 0 828 94">
     <span class='ocr_line' id='line_1_1' title="bbox 11 0 828 94; baseline 0 -74"><span class='ocrx_word' id='word_1_1' title='bbox 11 0 828 94; x_wconf 95' lang='lat' dir='ltr'>  </span> 
     </span>
    </p>
   </div>
   <div class='ocr_carea' id='block_1_2' title="bbox 24 87 1713 358">
    <p class='ocr_par' dir='ltr' id='par_1_2' title="bbox 19 87 1713 358">
     <span class='ocr_line' id='line_1_2' title="bbox 29 87 1713 203; baseline -0.001 -39"><span class='ocrx_word' id='word_1_2' title='bbox 29 182 42 190; x_wconf 21' lang='lat' dir='ltr'>s</span> <span class='ocrx_word' id='word_1_3' title='bbox 714 87 1073 165; x_wconf 72' lang='lat' dir='ltr'>PRAEFATI&#39;O.</span> <span class='ocrx_word' id='word_1_4' title='bbox 1198 158 1202 162; x_wconf 84' lang='lat'>.</span> <span class='ocrx_word' id='word_1_5' title='bbox 1243 182 1259 203; x_wconf 68' lang='lat'>.</span> <span class='ocrx_word' id='word_1_6' title='bbox 1370 188 1373 189; x_wconf 8' lang='grc' dir='ltr'><em>γ</em></span> <span class='ocrx_word' id='word_1_7' title='bbox 1672 137 1713 176; x_wconf 78' lang='lat' dir='ltr'>v</span> 
     </span>
     <span class='ocr_line' id='line_1_3' title="bbox 24 203 1713 288; baseline 0.001 -16"><span class='ocrx_word' id='word_1_8' title='bbox 24 203 35 231; x_wconf 62' lang='lat'><em>⁵</em></span> <span class='ocrx_word' id='word_1_9' title='bbox 114 237 248 288; x_wconf 86' lang='lat' dir='ltr'>opu</span> <span class='ocrx_word' id='word_1_10' title='bbox 262 236 286 272; x_wconf 89' lang='lat' dir='ltr'>s</span> <span class='ocrx_word' id='word_1_11' title='bbox 333 217 462 288; x_wconf 90' lang='lat' dir='ltr'>quid</span> <span class='ocrx_word' id='word_1_12' title='bbox 505 217 651 271; x_wconf 88' lang='lat' dir='ltr'>aliud</span> <span class='ocrx_word' id='word_1_13' title='bbox 695 217 860 271; x_wconf 87' lang='lat' dir='ltr'>fuerit</span> <span class='ocrx_word' id='word_1_14' title='bbox 904 221 1064 287; x_wconf 87' lang='lat' dir='ltr'>atque</span> <span class='ocrx_word' id='word_1_15' title='bbox 1110 217 1327 272; x_wconf 84' lang='lat' dir='ltr'>minora</span> <span class='ocrx_word' id='word_1_16' title='bbox 1373 221 1559 272; x_wconf 90' lang='lat' dir='ltr'>nostra</span> <span class='ocrx_word' id='word_1_17' title='bbox 1602 237 1713 273; x_wconf 88' lang='lat' dir='ltr'>car·</span> 
     </span>
     <span class='ocr_line' id='line_1_4' title="bbox 109 287 1702 358; baseline 0.001 -15.947"><span class='ocrx_word' id='word_1_18' title='bbox 109 289 258 342; x_wconf 88' lang='lat' dir='ltr'>mina</span> <span class='ocrx_word' id='word_1_19' title='bbox 301 306 415 342; x_wconf 91' lang='lat' dir='ltr'>non</span> <span class='ocrx_word' id='word_1_20' title='bbox 459 287 631 341; x_wconf 84' lang='lat' dir='ltr'>video.</span> <span class='ocrx_word' id='word_1_21' title='bbox 704 288 884 357; x_wconf 88' lang='lat' dir='ltr'>Atque</span> <span class='ocrx_word' id='word_1_22' title='bbox 938 288 1121 341; x_wconf 91' lang='lat' dir='ltr'>eadem</span> <span class='ocrx_word' id='word_1_23' title='bbox 1175 290 1412 342; x_wconf 88' lang='lat' dir='ltr'>carmina</span> <span class='ocrx_word' id='word_1_24' title='bbox 1464 293 1702 358; x_wconf 90' lang='lat' dir='ltr'>spectare</span> 
     </span>
    </p>
   </div>
   <div class='ocr_carea' id='block_1_3' title="bbox 5 351 1704 498">
    <p class='ocr_par' dir='ltr' id='par_1_3' title="bbox 5 351 1704 498">
     <span class='ocr_line' id='line_1_5' title="bbox 12 351 1702 430; baseline 0.001 -18"><span class='ocrx_word' id='word_1_25' title='bbox 12 351 35 425; x_wconf 68' lang='grc' dir='ltr'>-ῘΪ</span> <span class='ocrx_word' id='word_1_26' title='bbox 106 358 359 412; x_wconf 84' lang='lat' dir='ltr'>videntur</span> <span class='ocrx_word' id='word_1_27' title='bbox 403 358 566 411; x_wconf 86' lang='lat' dir='ltr'>verba</span> <span class='ocrx_word' id='word_1_28' title='bbox 614 358 672 410; x_wconf 91' lang='lat' dir='ltr'>in</span> <span class='ocrx_word' id='word_1_29' title='bbox 718 357 1001 411; x_wconf 90' lang='lat' dir='ltr'>Bobiensis</span> <span class='ocrx_word' id='word_1_30' title='bbox 1045 359 1401 412; x_wconf 73' lang='lat' dir='ltr'>bibliothecae</span> <span class='ocrx_word' id='word_1_31' title='bbox 1457 360 1702 430; x_wconf 87' lang='lat' dir='ltr'>catalogo</span> 
     </span>
     <span class='ocr_line' id='line_1_6' title="bbox 5 427 1704 498; baseline 0 -16"><span class='ocrx_word' id='word_1_32' title='bbox 5 434 22 490; x_wconf 58' lang='lat' dir='ltr'>j·</span> <span class='ocrx_word' id='word_1_33' title='bbox 79 428 236 482; x_wconf 63' lang='lat' dir='ltr'>anni</span> <span class='ocrx_word' id='word_1_34' title='bbox 273 428 463 498; x_wconf 77' lang='grc'>14617)</span> <span class='ocrx_word' id='word_1_35' title='bbox 502 427 656 481; x_wconf 88' lang='lat' dir='ltr'>haec:</span> <span class='ocrx_word' id='word_1_36' title='bbox 717 427 997 481; x_wconf 76' lang='lat' dir='ltr'>‘Draconti</span> <span class='ocrx_word' id='word_1_37' title='bbox 1034 428 1308 482; x_wconf 90' lang='lat' dir='ltr'>cuiusdam</span> <span class='ocrx_word' id='word_1_38' title='bbox 1332 429 1704 483; x_wconf 85' lang='lat' dir='ltr'>versificatoris</span> 
     </span>
    </p>
   </div>
   <div class='ocr_carea' id='block_1_4' title="bbox 102 498 1706 570">
    <p class='ocr_par' dir='ltr' id='par_1_4' title="bbox 4 498 1706 570">
     <span class='ocr_line' id='line_1_7' title="bbox 102 498 1706 570; baseline 0.001 -18.885"><span class='ocrx_word' id='word_1_39' title='bbox 102 501 441 552; x_wconf 85' lang='lat' dir='ltr'>tractatus</span> <span class='ocrx_word' id='word_1_40' title='bbox 487 498 546 550; x_wconf 89' lang='lat' dir='ltr'>in</span> <span class='ocrx_word' id='word_1_41' title='bbox 591 498 848 551; x_wconf 69' lang='lat' dir='ltr'>versibus</span> <span class='ocrx_word' id='word_1_42' title='bbox 895 499 953 550; x_wconf 90' lang='lat' dir='ltr'>in</span> <span class='ocrx_word' id='word_1_43' title='bbox 998 498 1154 551; x_wconf 87' lang='lat' dir='ltr'>litera</span> <span class='ocrx_word' id='word_1_44' title='bbox 1200 498 1543 570; x_wconf 86' lang='lat' dir='ltr'>langobarda.</span> <span class='ocrx_word' id='word_1_45' title='bbox 1599 518 1706 553; x_wconf 89' lang='lat' dir='ltr'>me-</span> 
     </span>
    </p>
   </div>
   <div class='ocr_carea' id='block_1_5' title="bbox 9 567 1710 846">
    <p class='ocr_par' dir='ltr' id='par_1_5' title="bbox 6 563 1710 846">
     <span class='ocr_line' id='line_1_8' title="bbox 109 567 1708 636; baseline 0.001 -14.939"><span class='ocrx_word' id='word_1_46' title='bbox 109 569 244 635; x_wconf 76' lang='lat' dir='ltr'>dioc.</span> <span class='ocrx_word' id='word_1_47' title='bbox 282 568 419 622; x_wconf 86' lang='lat' dir='ltr'>vol.&#39;</span> <span class='ocrx_word' id='word_1_48' title='bbox 493 567 695 622; x_wconf 91' lang='lat' dir='ltr'>Verum</span> <span class='ocrx_word' id='word_1_49' title='bbox 732 585 890 636; x_wconf 91' lang='lat' dir='ltr'>quem</span> <span class='ocrx_word' id='word_1_50' title='bbox 941 574 1417 622; x_wconf 86' lang='lat' dir='ltr'>commemoratum</span> <span class='ocrx_word' id='word_1_51' title='bbox 1466 570 1708 623; x_wconf 88' lang='lat' dir='ltr'>videmus</span> 
     </span>
     <span class='ocr_line' id='line_1_9' title="bbox 9 638 1709 710; baseline 0.001 -19"><span class='ocrx_word' id='word_1_52' title='bbox 9 645 40 710; x_wconf 31' lang='grc' dir='ltr'>ὲ·</span> <span class='ocrx_word' id='word_1_53' title='bbox 108 638 167 691; x_wconf 92' lang='lat' dir='ltr'>in</span> <span class='ocrx_word' id='word_1_54' title='bbox 202 641 381 691; x_wconf 83' lang='lat' dir='ltr'>vetere</span> <span class='ocrx_word' id='word_1_55' title='bbox 418 638 614 691; x_wconf 88' lang='lat' dir='ltr'>saeculi</span> <span class='ocrx_word' id='word_1_56' title='bbox 652 638 843 691; x_wconf 84' lang='lat' dir='ltr'>decimi</span> <span class='ocrx_word' id='word_1_57' title='bbox 880 638 1125 708; x_wconf 85' lang='lat' dir='ltr'>catalogo</span> <span class='ocrx_word' id='word_1_58' title='bbox 1165 638 1422 692; x_wconf 90' lang='lat' dir='ltr'>Bobiensi</span> <span class='ocrx_word' id='word_1_59' title='bbox 1445 639 1709 693; x_wconf 88' lang='lat' dir='ltr'>Draconti</span> 
     </span>
     <span class='ocr_line' id='line_1_10' title="bbox 99 708 1708 777; baseline 0.001 -16"><span class='ocrx_word' id='word_1_60' title='bbox 99 708 236 761; x_wconf 88' lang='lat' dir='ltr'>liber</span> <span class='ocrx_word' id='word_1_61' title='bbox 246 709 290 777; x_wconf 86' lang='lat'>8)</span> <span class='ocrx_word' id='word_1_62' title='bbox 328 712 509 761; x_wconf 88' lang='lat' dir='ltr'>utrum</span> <span class='ocrx_word' id='word_1_63' title='bbox 544 711 730 761; x_wconf 87' lang='lat' dir='ltr'>nostra</span> <span class='ocrx_word' id='word_1_64' title='bbox 775 708 1013 760; x_wconf 88' lang='lat' dir='ltr'>carmina</span> <span class='ocrx_word' id='word_1_65' title='bbox 1057 708 1385 762; x_wconf 90' lang='lat' dir='ltr'>continuerit</span> <span class='ocrx_word' id='word_1_66' title='bbox 1420 728 1489 762; x_wconf 92' lang='lat' dir='ltr'>an</span> <span class='ocrx_word' id='word_1_67' title='bbox 1525 709 1708 762; x_wconf 87' lang='lat' dir='ltr'>laudes</span> 
     </span>
     <span class='ocr_line' id='line_1_11' title="bbox 99 777 1710 846; baseline 0.001 -16"><span class='ocrx_word' id='word_1_68' title='bbox 99 777 203 836; x_wconf 91' lang='lat' dir='ltr'>Dei</span> <span class='ocrx_word' id='word_1_69' title='bbox 228 777 737 832; x_wconf 76' lang='lat' dir='ltr'>etSatisfactionem</span> <span class='ocrx_word' id='word_1_70' title='bbox 761 809 831 817; x_wconf 91' lang='lat'><strong>—</strong></span> <span class='ocrx_word' id='word_1_71' title='bbox 857 795 989 846; x_wconf 90' lang='lat' dir='ltr'>quas</span> <span class='ocrx_word' id='word_1_72' title='bbox 1010 777 1170 830; x_wconf 90' lang='lat' dir='ltr'>Bobii</span> <span class='ocrx_word' id='word_1_73' title='bbox 1201 778 1366 831; x_wconf 87' lang='lat' dir='ltr'>fuisse</span> <span class='ocrx_word' id='word_1_74' title='bbox 1395 783 1598 832; x_wconf 90' lang='lat' dir='ltr'>certum</span> <span class='ocrx_word' id='word_1_75' title='bbox 1629 783 1710 832; x_wconf 87' lang='lat' dir='ltr'>est</span> 
     </span>
    </p>
   </div>
   <div class='ocr_carea' id='block_1_6' title="bbox 2 847 1707 916">
    <p class='ocr_par' dir='ltr' id='par_1_6' title="bbox 2 847 1707 916">
     <span class='ocr_line' id='line_1_12' title="bbox 2 847 1707 916; baseline 0 -15"><span class='ocrx_word' id='word_1_76' title='bbox 2 858 15 864; x_wconf 81' lang='lat'>&#39;</span> <span class='ocrx_word' id='word_1_77' title='bbox 100 866 221 902; x_wconf 91' lang='lat' dir='ltr'>cum</span> <span class='ocrx_word' id='word_1_78' title='bbox 257 849 495 901; x_wconf 86' lang='lat' dir='ltr'>imitatus</span> <span class='ocrx_word' id='word_1_79' title='bbox 533 848 602 900; x_wconf 91' lang='lat' dir='ltr'>sit</span> <span class='ocrx_word' id='word_1_80' title='bbox 638 847 1000 902; x_wconf 86' lang='lat' dir='ltr'>Columbanus</span> <span class='ocrx_word' id='word_1_81' title='bbox 1036 848 1094 900; x_wconf 91' lang='lat' dir='ltr'>in</span> <span class='ocrx_word' id='word_1_82' title='bbox 1132 849 1357 916; x_wconf 89' lang='lat' dir='ltr'>epistola</span> <span class='ocrx_word' id='word_1_83' title='bbox 1400 848 1466 901; x_wconf 89' lang='lat' dir='ltr'>ad</span> <span class='ocrx_word' id='word_1_84' title='bbox 1503 848 1707 901; x_wconf 91' lang='lat' dir='ltr'>Hunal-</span> 
     </span>
    </p>
   </div>
   <div class='ocr_carea' id='block_1_7' title="bbox 100 917 1707 987">
    <p class='ocr_par' dir='ltr' id='par_1_7' title="bbox 100 917 1707 987">
     <span class='ocr_line' id='line_1_13' title="bbox 100 917 1707 987; baseline 0 -17"><span class='ocrx_word' id='word_1_85' title='bbox 100 918 284 987; x_wconf 76' lang='grc'>(1111119)</span> <span class='ocrx_word' id='word_1_86' title='bbox 309 949 379 958; x_wconf 90' lang='grc'><strong>-</strong></span> <span class='ocrx_word' id='word_1_87' title='bbox 412 917 514 970; x_wconf 90' lang='lat' dir='ltr'>hac</span> <span class='ocrx_word' id='word_1_88' title='bbox 560 918 624 970; x_wconf 91' lang='lat' dir='ltr'>de</span> <span class='ocrx_word' id='word_1_89' title='bbox 669 935 727 970; x_wconf 92' lang='lat' dir='ltr'>re</span> <span class='ocrx_word' id='word_1_90' title='bbox 764 935 832 970; x_wconf 92' lang='lat' dir='ltr'>ne</span> <span class='ocrx_word' id='word_1_91' title='bbox 872 917 1233 970; x_wconf 90' lang='lat' dir='ltr'>coniecturam</span> <span class='ocrx_word' id='word_1_92' title='bbox 1280 918 1496 987; x_wconf 91' lang='lat' dir='ltr'>quidem</span> <span class='ocrx_word' id='word_1_93' title='bbox 1531 918 1707 972; x_wconf 86' lang='lat' dir='ltr'>facere</span> 
     </span>
    </p>
   </div>
   <div class='ocr_carea' id='block_1_8' title="bbox 0 987 1708 1057">
    <p class='ocr_par' dir='ltr' id='par_1_8' title="bbox 0 987 1708 1057">
     <span class='ocr_line' id='line_1_14' title="bbox 0 987 1708 1057; baseline 0.001 -17"><span class='ocrx_word' id='word_1_94' title='bbox 0 1009 14 1051; x_wconf 70' lang='grc' dir='ltr'>ς</span> <span class='ocrx_word' id='word_1_95' title='bbox 97 987 297 1041; x_wconf 89' lang='lat' dir='ltr'>licebit.</span> <span class='ocrx_word' id='word_1_96' title='bbox 371 988 744 1042; x_wconf 85' lang='lat' dir='ltr'>Pervetustum</span> <span class='ocrx_word' id='word_1_97' title='bbox 793 1005 918 1040; x_wconf 89' lang='lat' dir='ltr'>sane</span> <span class='ocrx_word' id='word_1_98' title='bbox 957 990 1011 1039; x_wconf 91' lang='lat' dir='ltr'>et</span> <span class='ocrx_word' id='word_1_99' title='bbox 1046 987 1166 1040; x_wconf 89' lang='lat' dir='ltr'>labe</span> <span class='ocrx_word' id='word_1_100' title='bbox 1202 988 1401 1057; x_wconf 81' lang='lat' dir='ltr'>passim</span> <span class='ocrx_word' id='word_1_101' title='bbox 1439 988 1708 1041; x_wconf 86' lang='lat' dir='ltr'>adfectum</span> 
     </span>
    </p>
   </div>
   <div class='ocr_carea' id='block_1_9' title="bbox 43 1057 1712 2315">
    <p class='ocr_par' dir='ltr' id='par_1_9' title="bbox 93 1057 1712 1545">
     <span class='ocr_line' id='line_1_15' title="bbox 96 1057 1706 1127; baseline 0 -17"><span class='ocrx_word' id='word_1_102' title='bbox 96 1058 261 1110; x_wconf 86' lang='lat' dir='ltr'>fuisse</span> <span class='ocrx_word' id='word_1_103' title='bbox 309 1076 429 1111; x_wconf 92' lang='lat' dir='ltr'>eum</span> <span class='ocrx_word' id='word_1_104' title='bbox 477 1058 674 1110; x_wconf 90' lang='lat' dir='ltr'>librum</span> <span class='ocrx_word' id='word_1_105' title='bbox 712 1057 851 1110; x_wconf 92' lang='lat' dir='ltr'>unde</span> <span class='ocrx_word' id='word_1_106' title='bbox 897 1060 1081 1110; x_wconf 89' lang='lat' dir='ltr'>noster</span> <span class='ocrx_word' id='word_1_107' title='bbox 1117 1058 1356 1127; x_wconf 87' lang='lat' dir='ltr'>fluxerit,</span> <span class='ocrx_word' id='word_1_108' title='bbox 1394 1059 1450 1111; x_wconf 91' lang='lat' dir='ltr'>id</span> <span class='ocrx_word' id='word_1_109' title='bbox 1486 1059 1706 1110; x_wconf 89' lang='lat' dir='ltr'>minime</span> 
     </span>
     <span class='ocr_line' id='line_1_16' title="bbox 97 1127 1712 1196; baseline 0 -16"><span class='ocrx_word' id='word_1_110' title='bbox 97 1127 319 1180; x_wconf 90' lang='lat' dir='ltr'>dubium</span> <span class='ocrx_word' id='word_1_111' title='bbox 356 1128 458 1181; x_wconf 88' lang='lat' dir='ltr'>erit</span> <span class='ocrx_word' id='word_1_112' title='bbox 494 1128 543 1180; x_wconf 94' lang='lat' dir='ltr'>ei</span> <span class='ocrx_word' id='word_1_113' title='bbox 593 1128 686 1196; x_wconf 91' lang='lat' dir='ltr'>qui</span> <span class='ocrx_word' id='word_1_114' title='bbox 735 1127 952 1179; x_wconf 88' lang='lat' dir='ltr'>lacunas</span> <span class='ocrx_word' id='word_1_115' title='bbox 999 1128 1059 1179; x_wconf 92' lang='lat' dir='ltr'>in</span> <span class='ocrx_word' id='word_1_116' title='bbox 1103 1128 1259 1181; x_wconf 83' lang='lat' dir='ltr'>initio</span> <span class='ocrx_word' id='word_1_117' title='bbox 1308 1129 1393 1181; x_wconf 80' lang='lat' dir='ltr'>vel</span> <span class='ocrx_word' id='word_1_118' title='bbox 1439 1129 1547 1180; x_wconf 90' lang='lat' dir='ltr'>fine</span> <span class='ocrx_word' id='word_1_119' title='bbox 1597 1146 1712 1180; x_wconf 89' lang='lat' dir='ltr'>ver-</span> 
     </span>
     <span class='ocr_line' id='line_1_17' title="bbox 99 1197 1709 1266; baseline 0 -16"><span class='ocrx_word' id='word_1_120' title='bbox 99 1216 256 1250; x_wconf 91' lang='lat' dir='ltr'>suum</span> <span class='ocrx_word' id='word_1_121' title='bbox 302 1198 525 1266; x_wconf 90' lang='lat' dir='ltr'>saepius·</span> <span class='ocrx_word' id='word_1_122' title='bbox 548 1198 795 1250; x_wconf 85' lang='lat' dir='ltr'>inventas</span> <span class='ocrx_word' id='word_1_123' title='bbox 832 1197 1272 1250; x_wconf 70' lang='lat' dir='ltr'>consideraverit:</span> <span class='ocrx_word' id='word_1_124' title='bbox 1323 1199 1386 1250; x_wconf 91' lang='lat' dir='ltr'>de</span> <span class='ocrx_word' id='word_1_125' title='bbox 1425 1199 1541 1266; x_wconf 91' lang='lat' dir='ltr'>ipso</span> <span class='ocrx_word' id='word_1_126' title='bbox 1582 1215 1709 1250; x_wconf 83' lang='lat' dir='ltr'>vero</span> 
     </span>
     <span class='ocr_line' id='line_1_18' title="bbox 98 1267 1708 1336; baseline 0 -16"><span class='ocrx_word' id='word_1_127' title='bbox 98 1268 388 1336; x_wconf 87' lang='lat' dir='ltr'>archetypo</span> <span class='ocrx_word' id='word_1_128' title='bbox 415 1267 572 1336; x_wconf 88' lang='lat' dir='ltr'>quale</span> <span class='ocrx_word' id='word_1_129' title='bbox 608 1267 772 1319; x_wconf 83' lang='lat' dir='ltr'>fuerit</span> <span class='ocrx_word' id='word_1_130' title='bbox 797 1267 927 1319; x_wconf 87' lang='lat' dir='ltr'>certi</span> <span class='ocrx_word' id='word_1_131' title='bbox 953 1267 1243 1335; x_wconf 85' lang='lat' dir='ltr'>quidquam</span> <span class='ocrx_word' id='word_1_132' title='bbox 1279 1267 1585 1336; x_wconf 86' lang='lat' dir='ltr'>proferendi</span> <span class='ocrx_word' id='word_1_133' title='bbox 1623 1285 1708 1320; x_wconf 91' lang='lat' dir='ltr'>co-</span> 
     </span>
     <span class='ocr_line' id='line_1_19' title="bbox 97 1336 1705 1406; baseline -0.001 -16"><span class='ocrx_word' id='word_1_134' title='bbox 97 1339 190 1406; x_wconf 88' lang='lat' dir='ltr'>pia</span> <span class='ocrx_word' id='word_1_135' title='bbox 224 1355 368 1390; x_wconf 91' lang='lat' dir='ltr'>nunc</span> <span class='ocrx_word' id='word_1_136' title='bbox 406 1337 621 1406; x_wconf 93' lang='lat' dir='ltr'>quidem</span> <span class='ocrx_word' id='word_1_137' title='bbox 657 1336 780 1389; x_wconf 88' lang='lat' dir='ltr'>data</span> <span class='ocrx_word' id='word_1_138' title='bbox 814 1354 927 1388; x_wconf 94' lang='lat' dir='ltr'>non</span> <span class='ocrx_word' id='word_1_139' title='bbox 966 1339 1060 1404; x_wconf 82' lang='lat' dir='ltr'>est,</span> <span class='ocrx_word' id='word_1_140' title='bbox 1098 1355 1272 1405; x_wconf 93' lang='lat' dir='ltr'>neque</span> <span class='ocrx_word' id='word_1_141' title='bbox 1309 1341 1491 1390; x_wconf 87' lang='lat' dir='ltr'>tamen</span> <span class='ocrx_word' id='word_1_142' title='bbox 1529 1338 1705 1390; x_wconf 90' lang='lat' dir='ltr'>omnis</span> 
     </span>
     <span class='ocr_line' id='line_1_20' title="bbox 93 1405 1706 1476; baseline -0.001 -16"><span class='ocrx_word' id='word_1_143' title='bbox 93 1426 214 1476; x_wconf 90' lang='lat' dir='ltr'>spes</span> <span class='ocrx_word' id='word_1_144' title='bbox 252 1406 530 1460; x_wconf 89' lang='lat' dir='ltr'>abicienda</span> <span class='ocrx_word' id='word_1_145' title='bbox 564 1406 775 1459; x_wconf 84' lang='lat' dir='ltr'>videtur</span> <span class='ocrx_word' id='word_1_146' title='bbox 810 1405 927 1458; x_wconf 87' lang='lat' dir='ltr'>fore</span> <span class='ocrx_word' id='word_1_147' title='bbox 965 1409 1026 1458; x_wconf 91' lang='lat' dir='ltr'>ut</span> <span class='ocrx_word' id='word_1_148' title='bbox 1062 1406 1241 1475; x_wconf 89' lang='lat' dir='ltr'>aliquo</span> <span class='ocrx_word' id='word_1_149' title='bbox 1280 1407 1339 1459; x_wconf 90' lang='lat' dir='ltr'>in</span> <span class='ocrx_word' id='word_1_150' title='bbox 1376 1407 1575 1476; x_wconf 81' lang='lat' dir='ltr'>angulo</span> <span class='ocrx_word' id='word_1_151' title='bbox 1601 1406 1706 1459; x_wconf 88' lang='lat' dir='ltr'>Ita-</span> 
     </span>
     <span class='ocr_line' id='line_1_21' title="bbox 94 1474 1702 1545; baseline -0.001 -15"><span class='ocrx_word' id='word_1_152' title='bbox 94 1478 200 1530; x_wconf 84' lang='lat' dir='ltr'>liae</span> <span class='ocrx_word' id='word_1_153' title='bbox 236 1480 330 1530; x_wconf 88' lang='lat' dir='ltr'>aut</span> <span class='ocrx_word' id='word_1_154' title='bbox 365 1476 496 1529; x_wconf 89' lang='lat' dir='ltr'>adeo</span> <span class='ocrx_word' id='word_1_155' title='bbox 534 1477 593 1528; x_wconf 91' lang='lat' dir='ltr'>in</span> <span class='ocrx_word' id='word_1_156' title='bbox 630 1476 838 1528; x_wconf 91' lang='lat' dir='ltr'>scriniis</span> <span class='ocrx_word' id='word_1_157' title='bbox 864 1474 1142 1528; x_wconf 88' lang='lat' dir='ltr'>Vaticanis</span> <span class='ocrx_word' id='word_1_158' title='bbox 1179 1476 1356 1545; x_wconf 91' lang='lat' dir='ltr'>ipsum</span> <span class='ocrx_word' id='word_1_159' title='bbox 1391 1476 1702 1545; x_wconf 76' lang='lat' dir='ltr'>reperiatur.</span> 
     </span>
    </p>

    <p class='ocr_par' dir='ltr' id='par_1_10' title="bbox 43 1545 1707 2315">
     <span class='ocr_line' id='line_1_22' title="bbox 208 1545 1706 1614; baseline -0.001 -14"><span class='ocrx_word' id='word_1_160' title='bbox 208 1546 286 1600; x_wconf 90' lang='lat' dir='ltr'>Ut</span> <span class='ocrx_word' id='word_1_161' title='bbox 330 1564 476 1599; x_wconf 89' lang='lat' dir='ltr'>nunc</span> <span class='ocrx_word' id='word_1_162' title='bbox 525 1546 738 1598; x_wconf 90' lang='lat' dir='ltr'>demum</span> <span class='ocrx_word' id='word_1_163' title='bbox 784 1545 1109 1598; x_wconf 74' lang='lat' dir='ltr'>Dracontius</span> <span class='ocrx_word' id='word_1_164' title='bbox 1156 1547 1214 1598; x_wconf 93' lang='lat' dir='ltr'>in</span> <span class='ocrx_word' id='word_1_165' title='bbox 1259 1547 1431 1599; x_wconf 91' lang='lat' dir='ltr'>lucem</span> <span class='ocrx_word' id='word_1_166' title='bbox 1482 1545 1706 1614; x_wconf 77' lang='lat' dir='ltr'>prodeat</span> 
     </span>
     <span class='ocr_line' id='line_1_23' title="bbox 94 1615 1705 1687; baseline -0.001 -18"><span class='ocrx_word' id='word_1_167' title='bbox 94 1617 230 1670; x_wconf 84' lang='lat' dir='ltr'>miro</span> <span class='ocrx_word' id='word_1_168' title='bbox 268 1635 392 1670; x_wconf 89' lang='lat' dir='ltr'>casu</span> <span class='ocrx_word' id='word_1_169' title='bbox 428 1616 629 1669; x_wconf 88' lang='lat' dir='ltr'>factum</span> <span class='ocrx_word' id='word_1_170' title='bbox 667 1619 773 1668; x_wconf 87' lang='lat' dir='ltr'>est:</span> <span class='ocrx_word' id='word_1_171' title='bbox 810 1634 984 1684; x_wconf 92' lang='lat' dir='ltr'>neque</span> <span class='ocrx_word' id='word_1_172' title='bbox 1020 1617 1194 1669; x_wconf 90' lang='lat' dir='ltr'>solum</span> <span class='ocrx_word' id='word_1_173' title='bbox 1220 1617 1419 1687; x_wconf 82' lang='lat' dir='ltr'>Angeli</span> <span class='ocrx_word' id='word_1_174' title='bbox 1443 1615 1554 1668; x_wconf 91' lang='lat' dir='ltr'>Mai</span> <span class='ocrx_word' id='word_1_175' title='bbox 1579 1634 1705 1668; x_wconf 87' lang='lat' dir='ltr'>cura</span> 
     </span>
     <span class='ocr_line' id='line_1_24' title="bbox 93 1685 1702 1756; baseline -0.001 -16"><span class='ocrx_word' id='word_1_176' title='bbox 93 1691 278 1756; x_wconf 89' lang='lat' dir='ltr'>raptus</span> <span class='ocrx_word' id='word_1_177' title='bbox 302 1687 539 1739; x_wconf 85' lang='lat' dir='ltr'>Helenae</span> <span class='ocrx_word' id='word_1_178' title='bbox 577 1689 700 1738; x_wconf 86' lang='lat' dir='ltr'>ante</span> <span class='ocrx_word' id='word_1_179' title='bbox 739 1685 1094 1754; x_wconf 61' lang='lat' dir='ltr'>quadraginta</span> <span class='ocrx_word' id='word_1_180' title='bbox 1129 1687 1240 1739; x_wconf 84' lang='lat' dir='ltr'>fere</span> <span class='ocrx_word' id='word_1_181' title='bbox 1279 1705 1448 1739; x_wconf 92' lang='lat' dir='ltr'>annos</span> <span class='ocrx_word' id='word_1_182' title='bbox 1485 1689 1702 1754; x_wconf 89' lang='lat' dir='ltr'>paratus</span> 
     </span>
     <span class='ocr_line' id='line_1_25' title="bbox 96 1755 1699 1825; baseline -0.002 -15"><span class='ocrx_word' id='word_1_183' title='bbox 96 1761 210 1810; x_wconf 90' lang='lat' dir='ltr'>erat</span> <span class='ocrx_word' id='word_1_184' title='bbox 245 1757 339 1825; x_wconf 89' lang='lat' dir='ltr'>qui</span> <span class='ocrx_word' id='word_1_185' title='bbox 364 1756 625 1824; x_wconf 81' lang='lat' dir='ltr'>ederetur,</span> <span class='ocrx_word' id='word_1_186' title='bbox 667 1755 758 1808; x_wconf 91' lang='lat' dir='ltr'>sed</span> <span class='ocrx_word' id='word_1_187' title='bbox 795 1756 902 1808; x_wconf 89' lang='lat' dir='ltr'>iam</span> <span class='ocrx_word' id='word_1_188' title='bbox 940 1774 1082 1808; x_wconf 88' lang='lat' dir='ltr'>anno</span> <span class='ocrx_word' id='word_1_189' title='bbox 1108 1756 1268 1809; x_wconf 89' lang='lat' dir='ltr'>huius</span> <span class='ocrx_word' id='word_1_190' title='bbox 1306 1756 1503 1809; x_wconf 89' lang='lat' dir='ltr'>saeculi</span> <span class='ocrx_word' id='word_1_191' title='bbox 1539 1756 1699 1808; x_wconf 86' lang='lat' dir='ltr'>tertio</span> 
     </span>
     <span class='ocr_line' id='line_1_26' title="bbox 95 1825 1700 1880; baseline -0.002 0"><span class='ocrx_word' id='word_1_192' title='bbox 95 1827 300 1880; x_wconf 90' lang='lat' dir='ltr'>decimo</span> <span class='ocrx_word' id='word_1_193' title='bbox 340 1825 590 1880; x_wconf 84' lang='lat' dir='ltr'>Cataldus</span> <span class='ocrx_word' id='word_1_194' title='bbox 626 1826 856 1878; x_wconf 89' lang='lat' dir='ltr'>Iannelli</span> <span class='ocrx_word' id='word_1_195' title='bbox 891 1825 1129 1878; x_wconf 88' lang='lat' dir='ltr'>Helenae</span> <span class='ocrx_word' id='word_1_196' title='bbox 1168 1830 1220 1879; x_wconf 92' lang='lat' dir='ltr'>et</span> <span class='ocrx_word' id='word_1_197' title='bbox 1258 1827 1478 1880; x_wconf 88' lang='lat' dir='ltr'>Medeae</span> <span class='ocrx_word' id='word_1_198' title='bbox 1516 1825 1700 1878; x_wconf 89' lang='lat' dir='ltr'>editio-</span> 
     </span>
     <span class='ocr_line' id='line_1_27' title="bbox 43 1896 1700 1966; baseline -0.001 -17"><span class='ocrx_word' id='word_1_199' title='bbox 43 1964 47 1965; x_wconf 19' lang='lat'><em>⁷</em></span> <span class='ocrx_word' id='word_1_200' title='bbox 94 1915 221 1950; x_wconf 90' lang='lat' dir='ltr'>nem</span> <span class='ocrx_word' id='word_1_201' title='bbox 256 1896 474 1949; x_wconf 88' lang='lat' dir='ltr'>molitus</span> <span class='ocrx_word' id='word_1_202' title='bbox 523 1899 662 1964; x_wconf 81' lang='lat' dir='ltr'>erat,</span> <span class='ocrx_word' id='word_1_203' title='bbox 702 1896 850 1948; x_wconf 91' lang='lat' dir='ltr'>cuius</span> <span class='ocrx_word' id='word_1_204' title='bbox 900 1896 1193 1948; x_wconf 86' lang='lat' dir='ltr'>nonnullae</span> <span class='ocrx_word' id='word_1_205' title='bbox 1242 1897 1490 1966; x_wconf 71' lang='lat' dir='ltr'>plagulae</span> <span class='ocrx_word' id='word_1_206' title='bbox 1539 1896 1700 1948; x_wconf 86' lang='lat' dir='ltr'>etiam</span> 
     </span>
     <span class='ocr_line' id='line_1_28' title="bbox 95 1965 1701 2036; baseline -0.002 -16"><span class='ocrx_word' id='word_1_207' title='bbox 95 1968 240 2036; x_wconf 88' lang='lat' dir='ltr'>typis</span> <span class='ocrx_word' id='word_1_208' title='bbox 276 1970 403 2020; x_wconf 84' lang='lat' dir='ltr'>sunt</span> <span class='ocrx_word' id='word_1_209' title='bbox 439 1984 676 2033; x_wconf 83' lang='lat' dir='ltr'>excusae,</span> <span class='ocrx_word' id='word_1_210' title='bbox 716 1965 908 2034; x_wconf 91' lang='lat' dir='ltr'>quibus</span> <span class='ocrx_word' id='word_1_211' title='bbox 944 1966 1186 2035; x_wconf 82' lang='lat' dir='ltr'>Angelus</span> <span class='ocrx_word' id='word_1_212' title='bbox 1223 1966 1414 2034; x_wconf 86' lang='lat' dir='ltr'>Maius,</span> <span class='ocrx_word' id='word_1_213' title='bbox 1463 1965 1588 2017; x_wconf 92' lang='lat' dir='ltr'>dum</span> <span class='ocrx_word' id='word_1_214' title='bbox 1625 1965 1701 2017; x_wconf 84' lang='lat' dir='ltr'>vi-</span> 
     </span>
     <span class='ocr_line' id='line_1_29' title="bbox 94 2035 1703 2160; baseline -0.001 -1"><span class='ocrx_word' id='word_1_215' title='bbox 94 2035 1331 2160; x_wconf 51' lang='grc' dir='ltr'>Ξῗῗηὲἓαωὲὲίἓῗέἓῗιέἒῗὲῃξῗᾞῖέέἕὲῗὲῗ</span> <span class='ocrx_word' id='word_1_216' title='bbox 1350 2039 1703 2158; x_wconf 52' lang='grc' dir='ltr'>5018ἳίἶῖἶὲΞὲ</span> 
     </span>
     <span class='ocr_line' id='line_1_30' title="bbox 98 2175 1707 2245; baseline -0.002 -16"><span class='ocrx_word' id='word_1_217' title='bbox 98 2177 421 2229; x_wconf 89' lang='lat' dir='ltr'>Andresium</span> <span class='ocrx_word' id='word_1_218' title='bbox 467 2176 822 2229; x_wconf 88' lang='lat' dir='ltr'>bibliothecae</span> <span class='ocrx_word' id='word_1_219' title='bbox 870 2176 1046 2245; x_wconf 81' lang='lat' dir='ltr'>regiae</span> <span class='ocrx_word' id='word_1_220' title='bbox 1100 2176 1429 2244; x_wconf 87' lang='lat' dir='ltr'>praefectum</span> <span class='ocrx_word' id='word_1_221' title='bbox 1475 2175 1707 2228; x_wconf 89' lang='lat' dir='ltr'>Iannelli</span> 
     </span>
     <span class='ocr_line' id='line_1_31' title="bbox 94 2244 1703 2315; baseline -0.002 -15"><span class='ocrx_word' id='word_1_222' title='bbox 94 2247 233 2300; x_wconf 87' lang='lat' dir='ltr'>adici</span> <span class='ocrx_word' id='word_1_223' title='bbox 258 2247 432 2299; x_wconf 89' lang='lat' dir='ltr'>uoluit</span> <span class='ocrx_word' id='word_1_224' title='bbox 465 2247 782 2315; x_wconf 85' lang='lat' dir='ltr'>scripsitque</span> <span class='ocrx_word' id='word_1_225' title='bbox 811 2245 1234 2299; x_wconf 88' lang='lat' dir='ltr'>dissertationem</span> <span class='ocrx_word' id='word_1_226' title='bbox 1260 2246 1324 2299; x_wconf 90' lang='lat' dir='ltr'>de</span> <span class='ocrx_word' id='word_1_227' title='bbox 1353 2246 1541 2298; x_wconf 90' lang='lat' dir='ltr'>ceteris</span> <span class='ocrx_word' id='word_1_228' title='bbox 1570 2244 1703 2297; x_wconf 89' lang='lat' dir='ltr'>Dra-</span> 
     </span>
    </p>
   </div>
   <div class='ocr_carea' id='block_1_10' title="bbox 95 2346 1703 2957">
    <p class='ocr_par' dir='ltr' id='par_1_11' title="bbox 95 2346 1702 2623">
     <span class='ocr_line' id='line_1_32' title="bbox 95 2346 1700 2400; baseline -0.001 -13"><span class='ocrx_word' id='word_1_229' title='bbox 95 2350 143 2387; x_wconf 90' lang='lat' dir='ltr'>in</span> <span class='ocrx_word' id='word_1_230' title='bbox 173 2347 463 2400; x_wconf 81' lang='lat' dir='ltr'>praefatione</span> <span class='ocrx_word' id='word_1_231' title='bbox 494 2360 538 2400; x_wconf 88' lang='lat' dir='ltr'>p.</span> <span class='ocrx_word' id='word_1_232' title='bbox 558 2346 654 2399; x_wconf 80' lang='lat'>24):</span> <span class='ocrx_word' id='word_1_233' title='bbox 685 2346 799 2387; x_wconf 79' lang='lat' dir='ltr'>‘Hic</span> <span class='ocrx_word' id='word_1_234' title='bbox 820 2347 949 2388; x_wconf 76' lang='lat' dir='ltr'>Bobii</span> <span class='ocrx_word' id='word_1_235' title='bbox 978 2359 1096 2387; x_wconf 82' lang='lat' dir='ltr'>anno</span> <span class='ocrx_word' id='word_1_236' title='bbox 1122 2349 1231 2388; x_wconf 82' lang='lat'>1494</span> <span class='ocrx_word' id='word_1_237' title='bbox 1261 2347 1572 2388; x_wconf 89' lang='lat' dir='ltr'>huiuscemodi</span> <span class='ocrx_word' id='word_1_238' title='bbox 1594 2346 1700 2387; x_wconf 84' lang='lat' dir='ltr'>libri</span> 
     </span>
     <span class='ocr_line' id='line_1_33' title="bbox 96 2402 1700 2456; baseline -0.001 -13"><span class='ocrx_word' id='word_1_239' title='bbox 96 2404 267 2456; x_wconf 81' lang='lat' dir='ltr'>reperti</span> <span class='ocrx_word' id='word_1_240' title='bbox 298 2406 418 2453; x_wconf 82' lang='lat' dir='ltr'>sunt,</span> <span class='ocrx_word' id='word_1_241' title='bbox 451 2403 652 2443; x_wconf 82' lang='lat' dir='ltr'>Rutilius</span> <span class='ocrx_word' id='word_1_242' title='bbox 682 2403 1016 2443; x_wconf 79' lang='lat' dir='ltr'>Naumatianus</span> <span class='ocrx_word' id='word_1_243' title='bbox 1047 2424 1102 2431; x_wconf 93' lang='lat'>—</span> <span class='ocrx_word' id='word_1_244' title='bbox 1131 2403 1363 2444; x_wconf 89' lang='lat' dir='ltr'>heroicum</span> <span class='ocrx_word' id='word_1_245' title='bbox 1387 2402 1573 2455; x_wconf 85' lang='lat' dir='ltr'>Sulpitii</span> <span class='ocrx_word' id='word_1_246' title='bbox 1603 2414 1700 2442; x_wconf 87' lang='lat' dir='ltr'>car-</span> 
     </span>
     <span class='ocr_line' id='line_1_34' title="bbox 96 2459 1702 2511; baseline -0.001 -12"><span class='ocrx_word' id='word_1_247' title='bbox 96 2472 223 2511; x_wconf 90' lang='lat' dir='ltr'>men,</span> <span class='ocrx_word' id='word_1_248' title='bbox 260 2460 533 2500; x_wconf 85' lang='lat' dir='ltr'>Draconti</span> <span class='ocrx_word' id='word_1_249' title='bbox 570 2459 782 2499; x_wconf 85' lang='lat' dir='ltr'>varium</span> <span class='ocrx_word' id='word_1_250' title='bbox 823 2471 981 2511; x_wconf 86' lang='lat' dir='ltr'>opus,</span> <span class='ocrx_word' id='word_1_251' title='bbox 1011 2459 1251 2500; x_wconf 86' lang='lat' dir='ltr'>Prudentii</span> <span class='ocrx_word' id='word_1_252' title='bbox 1280 2459 1436 2510; x_wconf 87' lang='lat' dir='ltr'>hymni</span> <span class='ocrx_word' id='word_1_253' title='bbox 1467 2471 1557 2511; x_wconf 75' lang='lat' dir='ltr'>eqS.</span> <span class='ocrx_word' id='word_1_254' title='bbox 1592 2469 1702 2509; x_wconf 88' lang='lat' dir='ltr'>quo-</span> 
     </span>
     <span class='ocr_line' id='line_1_35' title="bbox 96 2513 1702 2567; baseline -0.001 -13"><span class='ocrx_word' id='word_1_255' title='bbox 96 2527 194 2555; x_wconf 86' lang='lat' dir='ltr'>rum</span> <span class='ocrx_word' id='word_1_256' title='bbox 229 2515 350 2556; x_wconf 83' lang='lat' dir='ltr'>bona</span> <span class='ocrx_word' id='word_1_257' title='bbox 386 2527 491 2567; x_wconf 81' lang='lat' dir='ltr'>pars</span> <span class='ocrx_word' id='word_1_258' title='bbox 528 2514 600 2554; x_wconf 85' lang='lat' dir='ltr'>his</span> <span class='ocrx_word' id='word_1_259' title='bbox 639 2515 772 2554; x_wconf 87' lang='lat' dir='ltr'>annis</span> <span class='ocrx_word' id='word_1_260' title='bbox 803 2515 1018 2566; x_wconf 85' lang='lat' dir='ltr'>proximis</span> <span class='ocrx_word' id='word_1_261' title='bbox 1060 2528 1086 2554; x_wconf 86' lang='lat' dir='ltr'>a</span> <span class='ocrx_word' id='word_1_262' title='bbox 1123 2528 1223 2555; x_wconf 89' lang='lat' dir='ltr'>meo</span> <span class='ocrx_word' id='word_1_263' title='bbox 1259 2515 1486 2567; x_wconf 87' lang='lat' dir='ltr'>municipe</span> <span class='ocrx_word' id='word_1_264' title='bbox 1528 2513 1702 2553; x_wconf 77' lang='lat' dir='ltr'>Thomu.</span> 
     </span>
     <span class='ocr_line' id='line_1_36' title="bbox 96 2569 1671 2623; baseline -0.003 -11"><span class='ocrx_word' id='word_1_265' title='bbox 96 2570 305 2612; x_wconf 85' lang='lat' dir='ltr'>Phaedro</span> <span class='ocrx_word' id='word_1_266' title='bbox 335 2571 556 2611; x_wconf 85' lang='lat' dir='ltr'>bonarum</span> <span class='ocrx_word' id='word_1_267' title='bbox 590 2571 753 2610; x_wconf 82' lang='lat' dir='ltr'>artium</span> <span class='ocrx_word' id='word_1_268' title='bbox 783 2570 1042 2623; x_wconf 87' lang='lat' dir='ltr'>professore</span> <span class='ocrx_word' id='word_1_269' title='bbox 1074 2575 1146 2611; x_wconf 86' lang='lat' dir='ltr'>est</span> <span class='ocrx_word' id='word_1_270' title='bbox 1177 2571 1372 2611; x_wconf 82' lang='lat' dir='ltr'>advecta</span> <span class='ocrx_word' id='word_1_271' title='bbox 1403 2570 1450 2609; x_wconf 87' lang='lat' dir='ltr'>in</span> <span class='ocrx_word' id='word_1_272' title='bbox 1472 2569 1671 2609; x_wconf 87' lang='lat' dir='ltr'>Urbem’.</span> 
     </span>
    </p>

    <p class='ocr_par' dir='ltr' id='par_1_12' title="bbox 99 2624 1703 2735">
     <span class='ocr_line' id='line_1_37' title="bbox 210 2624 1703 2678; baseline -0.001 -12"><span class='ocrx_word' id='word_1_273' title='bbox 210 2627 251 2676; x_wconf 77' lang='lat'>7)</span> <span class='ocrx_word' id='word_1_274' title='bbox 285 2638 416 2678; x_wconf 88' lang='lat' dir='ltr'>quem</span> <span class='ocrx_word' id='word_1_275' title='bbox 455 2626 599 2666; x_wconf 86' lang='lat' dir='ltr'>edidit</span> <span class='ocrx_word' id='word_1_276' title='bbox 630 2627 809 2678; x_wconf 84' lang='lat' dir='ltr'>Peyron</span> <span class='ocrx_word' id='word_1_277' title='bbox 850 2629 957 2666; x_wconf 86' lang='lat' dir='ltr'>ante</span> <span class='ocrx_word' id='word_1_278' title='bbox 990 2625 1221 2666; x_wconf 85' lang='lat' dir='ltr'>Ciceronis</span> <span class='ocrx_word' id='word_1_279' title='bbox 1270 2626 1527 2666; x_wconf 83' lang='lat' dir='ltr'>orationum</span> <span class='ocrx_word' id='word_1_280' title='bbox 1575 2624 1703 2675; x_wconf 80' lang='lat' dir='ltr'>frag·</span> 
     </span>
     <span class='ocr_line' id='line_1_38' title="bbox 99 2679 1701 2735; baseline -0.002 -12"><span class='ocrx_word' id='word_1_281' title='bbox 99 2686 256 2723; x_wconf 85' lang='lat' dir='ltr'>menta</span> <span class='ocrx_word' id='word_1_282' title='bbox 286 2682 475 2726; x_wconf 83' lang='lat' dir='ltr'>inedita.</span> <span class='ocrx_word' id='word_1_283' title='bbox 498 2682 753 2735; x_wconf 67' lang='lat' dir='ltr'>stuttgard.</span> <span class='ocrx_word' id='word_1_284' title='bbox 788 2685 834 2722; x_wconf 85' lang='lat' dir='ltr'>et</span> <span class='ocrx_word' id='word_1_285' title='bbox 859 2682 1054 2734; x_wconf 84' lang='lat' dir='ltr'>Tubing.</span> <span class='ocrx_word' id='word_1_286' title='bbox 1075 2679 1436 2722; x_wconf 88' lang='lat' dir='ltr'>MDCCCXXIV</span> <span class='ocrx_word' id='word_1_287' title='bbox 1459 2694 1501 2733; x_wconf 91' lang='lat' dir='ltr'>p.</span> <span class='ocrx_word' id='word_1_288' title='bbox 1530 2682 1585 2720; x_wconf 85' lang='lat'>45</span> <span class='ocrx_word' id='word_1_289' title='bbox 1609 2681 1701 2719; x_wconf 77' lang='lat'>164.</span> 
     </span>
    </p>

    <p class='ocr_par' dir='ltr' id='par_1_13' title="bbox 97 2735 1703 2834">
     <span class='ocr_line' id='line_1_39' title="bbox 210 2735 1703 2791; baseline -0.003 -12"><span class='ocrx_word' id='word_1_290' title='bbox 210 2737 254 2790; x_wconf 87' lang='lat'>8)</span> <span class='ocrx_word' id='word_1_291' title='bbox 287 2738 408 2791; x_wconf 83' lang='lat' dir='ltr'>apud</span> <span class='ocrx_word' id='word_1_292' title='bbox 443 2737 743 2778; x_wconf 80' lang='lat' dir='ltr'>Muratorium</span> <span class='ocrx_word' id='word_1_293' title='bbox 775 2739 948 2790; x_wconf 82' lang='lat' dir='ltr'>antiqq.</span> <span class='ocrx_word' id='word_1_294' title='bbox 980 2737 1096 2778; x_wconf 92' lang='lat' dir='ltr'>med.</span> <span class='ocrx_word' id='word_1_295' title='bbox 1129 2750 1228 2778; x_wconf 79' lang='lat' dir='ltr'>aeV.</span> <span class='ocrx_word' id='word_1_296' title='bbox 1259 2737 1330 2778; x_wconf 90' lang='lat'>111</span> <span class='ocrx_word' id='word_1_297' title='bbox 1361 2750 1403 2790; x_wconf 91' lang='lat' dir='ltr'>p.</span> <span class='ocrx_word' id='word_1_298' title='bbox 1435 2736 1591 2778; x_wconf 80' lang='lat' dir='ltr'>820D:</span> <span class='ocrx_word' id='word_1_299' title='bbox 1624 2735 1703 2775; x_wconf 76' lang='lat' dir='ltr'>‘li-</span> 
     </span>
     <span class='ocr_line' id='line_1_40' title="bbox 97 2793 584 2834; baseline 0.002 -1"><span class='ocrx_word' id='word_1_300' title='bbox 97 2794 229 2834; x_wconf 89' lang='lat' dir='ltr'>brum</span> <span class='ocrx_word' id='word_1_301' title='bbox 256 2793 499 2834; x_wconf 83' lang='lat' dir='ltr'>Dracontii</span> <span class='ocrx_word' id='word_1_302' title='bbox 527 2793 584 2834; x_wconf 86' lang='lat' dir='ltr'>I&#39;.</span> 
     </span>
    </p>

    <p class='ocr_par' dir='ltr' id='par_1_14' title="bbox 97 2848 1694 2957">
     <span class='ocr_line' id='line_1_41' title="bbox 210 2848 1694 2902; baseline -0.001 -13"><span class='ocrx_word' id='word_1_303' title='bbox 210 2849 256 2900; x_wconf 85' lang='lat'>9)</span> <span class='ocrx_word' id='word_1_304' title='bbox 290 2849 410 2901; x_wconf 85' lang='lat' dir='ltr'>apud</span> <span class='ocrx_word' id='word_1_305' title='bbox 445 2850 599 2902; x_wconf 87' lang='lat' dir='ltr'>Migne</span> <span class='ocrx_word' id='word_1_306' title='bbox 635 2849 810 2890; x_wconf 83' lang='lat' dir='ltr'>Patrol.</span> <span class='ocrx_word' id='word_1_307' title='bbox 844 2849 946 2893; x_wconf 76' lang='lat' dir='ltr'>Lat.</span> <span class='ocrx_word' id='word_1_308' title='bbox 980 2848 1149 2889; x_wconf 88' lang='lat' dir='ltr'>LXXX</span> <span class='ocrx_word' id='word_1_309' title='bbox 1187 2862 1230 2902; x_wconf 90' lang='lat' dir='ltr'>p.</span> <span class='ocrx_word' id='word_1_310' title='bbox 1262 2850 1359 2891; x_wconf 81' lang='lat'>286.</span> <span class='ocrx_word' id='word_1_311' title='bbox 1410 2849 1620 2901; x_wconf 83' lang='lat' dir='ltr'>inprimis</span> <span class='ocrx_word' id='word_1_312' title='bbox 1654 2861 1694 2887; x_wconf 76' lang='lat' dir='ltr'>V.</span> 
     </span>
     <span class='ocr_line' id='line_1_42' title="bbox 97 2906 497 2957; baseline 0 -13"><span class='ocrx_word' id='word_1_313' title='bbox 97 2906 152 2946; x_wconf 84' lang='lat'>53</span> <span class='ocrx_word' id='word_1_314' title='bbox 183 2916 281 2957; x_wconf 87' lang='lat' dir='ltr'>sqq.</span> <span class='ocrx_word' id='word_1_315' title='bbox 315 2907 368 2946; x_wconf 81' lang='lat'>79</span> <span class='ocrx_word' id='word_1_316' title='bbox 399 2917 497 2957; x_wconf 87' lang='lat' dir='ltr'>sqq.</span> 
     </span>
    </p>
   </div>
  </div>
 </body>
</html>
