1940 3072
631 140 634 141 ⁷
798 174 1096 218 xmo-490
1214 139 1249 159 ⁷
1668 151 1751 229 ⁷75

254 296 481 362 Dixerat
504 300 560 350 et
581 300 726 351 terra
748 298 1031 367 strepitum
1053 298 1395 352 tremibunda
1419 299 1617 369 ciebat,

198 419 200 422 ,
253 367 372 430 Quo
394 369 619 422 steterat
641 367 831 421 Medea
853 368 973 422 loco
998 369 1205 422 telluris
1228 369 1381 423 hiatu

253 437 518 492 Finditur.
566 438 826 491 attonitas
851 439 1079 492 inclinat
1102 440 1306 493 cautior
1331 457 1485 492 aures

251 507 326 562 Et
349 525 574 579 surgens
601 514 615 535 ‘
629 507 902 562 audimur'
930 509 1008 562 ait
1030 514 1046 538 ‘
1060 528 1187 562 nam
1213 513 1359 563 terra
1381 510 1676 577 tremescit,

0 564 22 653 Ξ
61 626 82 650 ·.
146 587 230 631 465
250 577 491 632 Uerbera
519 578 868 649 plaudentum
892 583 1148 632 resonant
1169 598 1267 648 per
1291 581 1747 650 inanersororum,

175 696 177 698 ,
250 647 420 703 Sibila
445 650 675 718 uipereis
699 650 917 702 uibrant
941 651 1038 702 sub
1065 650 1312 703 dentibus
1337 668 1554 721 angues,

248 718 357 772 Res
381 720 574 774 melior
596 723 913 789 tempusque
937 723 1123 773 monet
1145 720 1392 773 redeatur
1417 721 1485 773 ad
1510 721 1723 790 urbem,

199 800 208 806 ‘
249 792 397 842 Ante
420 793 603 843 tamen
626 791 793 842 fluuio
820 808 1012 858 corpus
1036 794 1311 860 mergatur
1336 793 1390 844 et
1406 791 1585 843 undis,
1600 796 1615 818 ²

251 859 406 922 Quod
430 879 590 931 maga
613 860 915 929 digrediens
940 879 1066 913 mox
1085 861 1296 930 perficit
1314 864 1368 913 et
1389 861 1527 929 petit
1545 861 1748 915 urbem.

143 941 229 981 470
247 929 418 985 Exilit
439 932 646 984 interea
670 933 908 983 tecturus
933 931 1149 984 Lucifer
1174 935 1316 983 astra

250 1000 488 1054 Puniceo
514 1006 802 1070 prouectus
829 1019 966 1070 equo
994 1002 1291 1070 rutilusque
1316 1001 1625 1070 micansque

253 1071 527 1125 Concusso
553 1072 616 1124 de
642 1073 788 1124 crine
814 1072 969 1124 iubar
994 1071 1244 1124 diffundit
1267 1072 1326 1124 in
1353 1072 1536 1124 orbem

251 1141 598 1212 Flammigeri
622 1160 802 1194 roseas
827 1142 1149 1210 praecedens
1176 1142 1303 1195 solis
1329 1141 1553 1194 abenas:

255 1211 518 1281 Coeperat
542 1212 666 1265 aula
690 1212 837 1264 ducis
863 1213 1090 1281 strepitu
1114 1230 1365 1265 resonare
1391 1212 1662 1265 clientum.

147 1292 230 1333 475
250 1281 367 1335 Iam
392 1282 643 1335 Phoebus
669 1282 958 1335 scandebat
983 1301 1148 1351 equos
1174 1286 1227 1335 et
1250 1281 1368 1335 luce
1393 1283 1620 1335 rubebat

251 1352 385 1405 Post
407 1356 621 1405 noctem
645 1356 874 1405 uentura
899 1353 1034 1422 dies,
1060 1353 1167 1405 iam
1192 1356 1333 1406 tecta
1359 1351 1605 1405 Creontis
1648 1370 1656 1372 ‘

249 1423 490 1492 Regibus
514 1422 832 1492 implentur,
860 1424 967 1475 iam
991 1424 1236 1492 proxima
1260 1424 1415 1493 uirgo
1442 1424 1634 1476 marito
1665 1475 1669 1479 ,

251 1492 471 1546 Sederat
495 1497 549 1546 et
572 1493 780 1546 tabulas
806 1493 1008 1546 calamo
1035 1494 1276 1546 sulcabat
1297 1493 1476 1546 Iason.

251 1571 266 1594 ‘
283 1558 624 1617 Conuentum
649 1566 999 1632 pactumque'
1024 1567 1182 1617 sonat
1208 1564 1444 1634 ‘signate
1471 1563 1722 1616 tabellas'

142 1644 229 1686 480
245 1633 479 1703 Horrida
503 1634 758 1686 Tartareo
784 1635 1007 1686 ueniens
1033 1634 1097 1686 de
1122 1635 1335 1704 gurgite
1362 1635 1515 1703 uirgo

250 1704 546 1773 Tisiphone
572 1705 892 1773 signumque
918 1705 1114 1773 premit
1139 1706 1325 1774 gauisa
1349 1703 1622 1774 Megaera,

251 1775 464 1827 Allecto
489 1775 641 1827 testis
667 1793 812 1826 ceras
839 1774 1117 1827 adamante
1143 1775 1380 1843 notauit,

252 1845 538 1915 Anguibus
564 1845 846 1897 horrendis
870 1863 967 1913 per
991 1846 1140 1914 regia
1164 1848 1306 1897 tecta
1330 1845 1623 1914 flagellant.

248 1914 464 1968 Interea
491 1914 680 1967 Medea
704 1933 904 1967 nouam
928 1915 1160 1967 formare
1188 1933 1442 1967 coronam

146 1995 231 2036 485
253 1985 517 2054 Coeperat
542 1990 595 2037 et
618 1986 791 2037 niueis
817 1986 1075 2037 miscebat
1106 1985 1364 2053 sulphura
1389 1985 1548 2037 ceris:

252 2056 354 2108 Pix
379 2059 431 2108 et
456 2059 650 2124 stuppa
674 2056 833 2125 ligat,
862 2056 1064 2123 species
1091 2055 1181 2107 dat
1207 2058 1460 2123 quattuor
1485 2056 1614 2108 artis

250 2126 493 2179 Mascula
515 2129 636 2178 tura
662 2144 926 2193 cremanS,
954 2126 1122 2178 sterili
1148 2125 1330 2177 suffire
1357 2143 1606 2195 cypresso

253 2196 395 2249 Cura
419 2196 524 2248 fuit
549 2214 816 2265 cyproque
842 2196 977 2265 ligat
1003 2195 1147 2265 quod
1170 2195 1434 2266 naufraga
1458 2197 1654 2265 puppis

250 2266 583 2334 Perdiderat,
611 2267 828 2319 cristata
851 2285 1041 2318 manus
1067 2267 1272 2318 sancire
1297 2266 1535 2334 iubetur,

148 2347 232 2387 490
251 2336 510 2389 Lambere
536 2337 790 2389 caeruleis
814 2337 1057 2405 permisit
1082 2340 1222 2389 serta
1248 2337 1478 2389 cerastis

256 2523 340 2562 461
386 2522 583 2575 spatium
623 2535 736 2563 corr.
775 2521 935 2561 Buech.
1078 2523 1159 2562 462
1198 2522 1354 2561 hiatus
1392 2522 1448 2570 cf.
1490 2520 1627 2562 Orest.
1660 2523 1747 2561 473

142 2579 227 2618 465
259 2577 395 2618 niane
501 2579 583 2618 466
616 2577 776 2629 Sibyla
875 2579 955 2617 471
989 2584 1232 2629 preuectus
1264 2591 1377 2620 corr,
1401 2577 1561 2616 Bueelz.
1664 2578 1747 2617 472

145 2634 192 2674 ni
305 2636 389 2675 475
426 2634 584 2674 ruebat
613 2647 727 2676 corr.
758 2634 917 2676 Bueclc.
1040 2635 1122 2674 479
1155 2633 1436 2674 Conuectum
1468 2646 1493 2685 γ
1521 2631 1528 2683 Ι
1554 2632 1745 2681 sonant!

145 2690 297 2742 signat
334 2703 446 2731 corr.
480 2689 638 2730 Bacch.
677 2696 774 2741 post
815 2691 971 2741 signat
1001 2703 1111 2728 eruce
1147 2691 1322 2741 appieta
1361 2695 1424 2729 esc
1464 2702 1572 2741 quae
1604 2690 1748 2729 eadem

144 2751 243 2786 ante
273 2759 437 2786 uersum
458 2747 718 2797 conspicitur
803 2748 883 2786 481
917 2745 1175 2797 Tesiphone
1262 2745 1344 2784 482
1376 2743 1580 2784 Allectos
1664 2745 1750 2785 484

144 2806 244 2841 ante
282 2814 494 2842 coronam
533 2803 683 2843 literae
718 2803 1034 2853 conspiciuntur
1072 2814 1129 2841 no
1171 2803 1250 2841 sed
1292 2807 1532 2852 empunclae
1667 2802 1749 2840 487

145 2856 304 2897 ΒτιεεῘι.
324 2860 455 2899 uoluit
486 2862 658 2898 cremat
757 2859 840 2898 488
868 2859 972 2909 fort.
997 2858 1176 2897 curauit
1201 2855 1208 2909 l
1236 2862 1334 2897 ante
1364 2857 1527 2909 puppis
1559 2859 1751 2909 leguntur

145 2924 286 2966 cypus
315 2915 395 2954 sed
421 2919 637 2965 expuncta

1770 1793 1824 1833 [p.
1847 1791 1905 1832 93]
