1940 3072
741 171 920 216 LIBER.
955 173 1034 220 IV.

664 365 985 417 'FABVLA
1022 368 1109 417 XI.

512 473 675 516 FVR
720 475 820 517 ΕΤ
864 473 1262 522 LVCERNA

152 585 430 637 Lucernam
454 588 535 637 fur
560 589 789 639 accendit
813 605 875 639 ex
898 606 983 640 ara
1007 590 1134 641 Iovis

82 655 346 724 Ipsumque
371 658 638 723 conpilavit
661 659 723 709 ad
746 659 917 709 lumen
942 676 1102 710 suum.

83 725 179 783 Qui
204 727 467 792 sacrilegio
491 734 697 778 onustus
723 744 836 779 cum
861 730 1158 788 discederet,

82 796 304 863 Repente
328 813 500 848 vocem
524 805 692 848 sancta
716 801 855 848 misit
877 799 1096 864 Religio:

81 867 320 918 Malorum
345 870 567 934 quamvis
591 870 688 919 ista
712 869 902 919 suerint
925 884 1134 921 munera

80 937 301 1004 Mihique
324 940 507 997 invisa,
533 944 590 988 ut
613 954 713 988 non
737 939 958 990 offendar
983 940 1194 1006 subripi,

1 1014 8 1018 '
80 1007 293 1066 Tamen,
320 1008 553 1066 sceleste,
582 1011 764 1074 spiritu
789 1010 986 1076 culpam
1009 1010 1132 1068 lueS,

82 1078 212 1128 Olim
236 1093 349 1128 cum
374 1079 655 1144 adscriptus
678 1082 875 1129 venerit
897 1096 1085 1146 poenae
1113 1082 1235 1132 dies.

82 1148 181 1198 Sed
205 1164 269 1198 ne
294 1151 427 1213 ignis
451 1156 622 1199 noster
644 1150 854 1199 facinori
878 1151 1178 1215 praeluceat,

79 1219 177 1268 Per
200 1234 348 1284 quem
371 1219 614 1269 verendos
639 1220 820 1269 excolit
843 1222 1003 1285 pietas
1028 1221 1162 1279 deoS,

79 1289 202 1339 Veto
227 1305 334 1338 esse
352 1289 449 1339 tale
474 1289 676 1339 luminis
702 1292 1072 1339 commercium.

3 1372 5 1374 ’
79 1359 153 1409 Ita
176 1359 324 1409 hodie
350 1375 443 1408 nec
468 1358 723 1409 lucernam
749 1360 809 1409 de
834 1360 1030 1410 flamma
1054 1361 1201 1411 deum

80 1429 184 1479 Nec
208 1429 269 1478 de
294 1430 499 1479 lucerna
523 1430 597 1479 fas
622 1435 698 1479 est
723 1430 927 1479 accendi
953 1445 1165 1481 sacrum.

149 1497 278 1557 Quot
301 1514 385 1549 res
409 1501 661 1549 contineat
684 1499 778 1549 hoc
804 1506 1147 1564 argumentum
1172 1502 1336 1560 utileS,

0 1572 8 1582 “
80 1568 190 1619 Non
215 1569 484 1635 explicabit
508 1570 657 1628 alim,
685 1585 832 1635 quam
857 1572 944 1636 qui
969 1573 1212 1636 repperit.

82 1640 337 1703 Significat
360 1641 523 1705 primo
549 1655 721 1705 saepe,
749 1655 874 1705 quos
898 1642 1006 1705 ipse
1033 1642 1234 1699 alueris,

80 1709 197 1759 Tibi
222 1711 437 1759 inveniri
466 1712 678 1759 maxime
708 1713 1008 1769 contrarios;

81 1779 308 1829 Secundo
333 1780 550 1829 ostendit
573 1781 761 1830 scelera
785 1796 884 1830 non
909 1783 985 1831 ira
1010 1781 1173 1839 deum,

81 1850 316 1900 Fatorum
341 1849 474 1899 dicto
499 1850 587 1898 sed
611 1851 780 1915 puniri
805 1856 1056 1914 tempore;

81 1919 358 1969 Novissime
383 1919 663 1977 interdicit,
690 1935 752 1968 ne
779 1934 892 1969 cum
914 1920 1138 1969 malefico

81 1990 231 2039 Vsum
255 1989 417 2040 bonus
440 1992 692 2039 consociet
716 1988 868 2039 ullius
892 1992 986 2039 rei.

652 2172 971 2221 FABVLA
1006 2171 1120 2222 ΧΠ.

478 2282 719 2323 MALAS
746 2282 916 2323 ESSE.
946 2283 1283 2327 DIVITIAS.

152 2396 282 2461 Opes
303 2396 493 2446 invisae
517 2397 697 2445 merito
723 2402 839 2446 sunt
861 2397 983 2446 sorti
1006 2399 1130 2454 viro,

80 2465 204 2523 Quia
231 2467 367 2516 dives
391 2481 507 2517 arca
530 2481 698 2515 veram
722 2466 920 2515 laudem
943 2468 1218 2531 intercipit.

151 2536 297 2586 Caelo
321 2542 553 2600 receptus
577 2541 783 2600 propter
806 2538 1046 2586 virtutem
1071 2535 1311 2586 Hercules

81 2605 204 2656 Cum
228 2606 531 2669 gratulantes
555 2605 910 2671 persalutasset
935 2606 1067 2661 deos,

80 2674 319 2725 Veniente
343 2675 510 2733 Pluto,
537 2678 623 2740 qui
649 2675 896 2725 Fortunae
923 2682 1000 2725 est
1022 2676 1168 2733 filius,

79 2746 271 2794 Avertit
294 2746 477 2795 oculos·
529 2746 734 2795 Causam
760 2747 1004 2809 quaesivit
1028 2753 1183 2810 pater.

82 2814 198 2872 Odi,
227 2816 413 2879 inquit,
441 2815 606 2873 illum,
635 2817 752 2880 quia
776 2815 920 2865 malis
946 2818 1132 2864 amicus
1158 2821 1233 2864 est

82 2884 335 2949 Simulque
361 2884 555 2934 obiecto
581 2891 757 2934 cuncta
782 2887 1057 2949 corrumpit
1080 2886 1237 2935 lucro.

1623 171 1691 226 37

1631 1226 1687 1267 10

1632 1579 1685 1621 15

1628 1927 1684 1970 20
