1940 3072
78 220 164 261 305

78 589 164 629 310

76 955 161 995 315

75 1323 161 1363 320

75 1689 159 1729 325

74 2055 160 2096 330

855 86 1209 137 -14-

194 209 441 276 tectaque
480 205 623 258 iusta
661 204 839 256 uirum
877 202 1080 271 passim
1121 202 1446 272 succederet,
1484 202 1579 255 illa

197 281 457 333 feruentis
496 279 606 331 late
643 277 824 347 pelagi
862 279 1058 329 natura
1097 276 1373 345 salumque

196 355 451 407 fluctibus
491 352 746 405 instabile
787 353 842 403 et
881 349 1059 420 glauci
1097 350 1235 402 uada
1272 349 1488 418 turgida
1525 350 1699 420 ponti,

198 446 303 496 qua
342 427 521 480 senior
561 443 692 479 cano
731 424 905 477 nutrit
943 424 1041 476 sub
1082 424 1295 494 gurgite
1333 422 1542 477 Nereus

198 500 479 570 delphinos
518 499 720 552 uirides
761 500 815 550 et
852 498 1169 567 physeteras
1211 497 1456 566 anheIOS,

197 575 448 644 ignorata
488 591 583 626 suo
625 573 938 641 seclusaque
975 571 1081 624 fine
1119 571 1383 624 iacebant.

196 649 348 700 nulla
385 647 514 700 fides
554 647 712 699 undis
723 689 737 716 ‚
774 645 982 698 tumido
1023 645 1340 698 commercia
1378 645 1543 698 fluctu

196 722 346 786 nulla
383 721 705 790 petebantur
743 737 916 789 neque
955 719 1135 789 longis
1176 719 1363 771 nauita
1401 719 1560 772 terris

196 795 468 849 insinuare
506 796 679 847 ratem
720 796 1050 862 susceperat,
1089 793 1210 845 exul
1250 795 1311 845 ut
1350 793 1457 846 oris

197 870 445 922 omnibus
486 871 735 921 externas
774 868 996 920 ueheret
1034 884 1129 935 per
1167 866 1443 936 inhospita
1482 883 1641 936 gazas

196 960 430 1012 aequora
471 946 524 995 et
562 942 755 994 insano
795 940 1052 1010 penderet
1093 958 1251 1009 saepe
1290 940 1574 1009 profunde.

195 1017 376 1069 omnia
417 1017 509 1069 sed
549 1015 754 1069 cunctis
792 1015 945 1068 nasci
984 1014 1150 1068 dabat
1188 1032 1350 1067 aurea
1387 1015 1544 1067 terris

193 1089 411 1143 Iustitia
449 1093 503 1142 et
539 1090 688 1143 nullo
730 1089 1054 1143 discreuerat
1092 1105 1213 1141 aere
1252 1105 1437 1158 regna.

195 1166 251 1216 at
289 1166 575 1232 postquam
617 1167 840 1233 argento
883 1162 1136 1215 deformis
1176 1162 1335 1214 uiluit
1374 1165 1545 1231 aetas,

192 1238 366 1290 rarius
405 1238 462 1290 in
499 1240 672 1289 terras
713 1254 773 1290 08
814 1236 1114 1290 inclinabat
1150 1236 1438 1289 honestum

193 1310 302 1362 iam
342 1311 462 1380 dea,
501 1312 592 1363 uix
633 1329 869 1364 summos
909 1310 1168 1363 adlabens
1209 1309 1435 1378 denique
1475 1309 1696 1379 montiS‚

195 1401 313 1436 cum
355 1385 574 1437 cedente
613 1384 697 1437 die
736 1385 984 1437 Phoebus
1026 1384 1125 1436 sub
1164 1386 1321 1436 nocte
1359 1384 1659 1452 propinqua

194 1457 446 1510 occiduus
486 1475 686 1526 pronos
728 1462 943 1527 urgeret
981 1458 1039 1509 in
1079 1474 1313 1526 aequora
1351 1474 1560 1526 currus,

192 1531 558 1600 usurpandam
599 1532 765 1585 oculis
806 1549 921 1585 sese
961 1531 1125 1583 dabat
1166 1530 1563 1599 adcurrentum‚

192 1621 301 1656 non
338 1607 400 1656 ut
437 1604 583 1657 fessa
619 1605 798 1658 uirum
836 1607 1113 1674 repararet
1151 1603 1349 1673 gaudia
1388 1604 1564 1670 uultu,

195 1677 286 1730 sed
327 1679 543 1746 crepula
581 1680 642 1730 ut
679 1680 787 1732 late
827 1681 1068 1733 uomeret
1106 1677 1346 1731 conuicia
1384 1695 1529 1731 uoce.

193 1749 439 1820 ‘parcite,
478 1752 584 1804 uile
623 1751 836 1821 genus!9
912 1751 1146 1805 lacrimis
1188 1751 1366 1804 aiebat
1406 1751 1634 1819 obortis,

193 1822 375 1878 ‘causa
407 1826 766 1894 querellarum
798 1829 1039 1879 uestrum
1072 1827 1154 1877 est
1185 1824 1375 1878 scelus!
1418 1842 1577 1877 aurea
1610 1825 1877 1894 quondam

191 1896 362 1950 iudice
401 1916 485 1950 me
525 1900 695 1952 uestri
732 1901 983 1952 uixerunt
1022 1899 1198 1951 saecla
1237 1900 1502 1966 parentes,

193 1970 422 2039 degener
460 1972 517 2023 in
557 1974 713 2026 uobis
754 1974 987 2041 animm,
1028 1971 1267 2023 sollertia
1307 1972 1462 2023 uobis

190 2045 445 2113 peruigil,
487 2048 600 2098 arte
640 2065 784 2099 noua
821 2047 991 2099 uitam
1030 2045 1307 2098 traducere
1347 2063 1464 2098 11108
1505 2048 1603 2098 est.

192 2134 348 2169 omne
398 2136 588 2171 aeuum
638 2120 827 2173 studiis
876 2119 1150 2172 excuditiS.
1227 2118 1350 2171 hinc
1399 2136 1607 2187 quoque
1650 2137 1877 2189 rursum,

308 2324 393 2364 305
426 2319 549 2365 iusta
578 2322 656 2366 Ae
687 2322 819 2368 iuxta
860 2322 902 2365 V
1019 2326 1104 2366 309
1138 2320 1383 2377 delphinos
1415 2322 1490 2366 Ae
1522 2321 1750 2377 delpinios
1792 2322 1835 2365 V
1860 2322 1876 2380 ΙΙ

190 2378 381 2423 anhelos
423 2379 485 2424 Ve
515 2381 707 2439 anhelos
732 2382 777 2425 A
854 2386 938 2425 313
973 2382 1239 2435 susceperat
1262 2379 1324 2424 N.
1350 2380 1573 2424 Heinsius
1605 2381 1660 2435 cf.
1686 2381 1875 2425 Hermes

192 2435 325 2480 XVI
358 2452 403 2494 p.
445 2443 538 2484 124
576 2454 619 2483 n.
662 2444 723 2484 78
763 2440 835 2484 1118
875 2440 1051 2484 fecerat
1099 2439 1161 2483 Ve
1198 2438 1268 2483 uis
1307 2438 1481 2483 fecerat
1514 2439 1560 2482 A
1681 2444 1767 2482 314
1804 2439 1873 2483 in-

188 2495 376 2551 hospita
405 2496 484 2541 Ae
514 2497 717 2554 inospita
758 2498 801 2543 V
892 2503 977 2542 315
1008 2498 1171 2542 insano
1203 2511 1224 2541 e
1254 2497 1440 2542 insanos
1481 2497 1567 2541 VA
1599 2499 1613 2555 ΙΙ
1642 2497 1872 2554 profundo

189 2554 402 2608 (correxit
431 2570 595 2601 manus
628 2561 653 2600 1
678 2557 740 2613 A)
782 2557 867 2601 VA
884 2572 906 2603 e
1019 2562 1102 2600 322
1135 2570 1304 2612 pronos
1337 2558 1523 2613 urgeret
1554 2558 1749 2601 correoeit
1778 2570 1872 2600 ma-

187 2625 275 2656 nus
313 2617 344 2657 2
386 2613 430 2657 A
475 2617 685 2671 surgeret
723 2616 878 2660 media
916 2615 1083 2672 proelii
1121 2616 1174 2659 in
1211 2616 1416 2671 maryine
1453 2616 1671 2671 seriptum
1710 2616 1873 2660 deleuit

188 2684 351 2715 manus
390 2673 487 2716 alia
517 2675 561 2717 A
602 2687 746 2730 prono
788 2677 998 2731 surgeret
1036 2673 1095 2719 Ve
1245 2679 1330 2717 323
1374 2687 1472 2718 sese
1508 2674 1652 2718 dabat
1684 2673 1872 2718 Grotius

190 2729 379 2774 sedebat
426 2731 512 2775 VA
550 2731 741 2778 sedabat
787 2748 808 2779 e
853 2747 1034 2779 uersum
1073 2736 1165 2778 324
1212 2733 1425 2777 omittunt
1472 2733 1556 2776 VA
1599 2733 1762 2778 habent
1808 2745 1871 2776 ev

189 2790 273 2831 326
306 2802 450 2844 genus
490 2790 550 2834 Ve
581 2804 693 2836 corr.
728 2791 773 2835 A
