1940 3072
47 452 131 494 785

47 820 131 863 790

0 1191 130 1234 Ἰ1795

18 1563 133 1604 1800

17 1933 130 1974 1805

824 175 1191 228 ,73-

163 291 376 344 uuentis
418 292 552 344 caeli
591 292 696 345 sibi
733 293 1064 346 nutrimenta
1101 293 1337 347 latenter

163 368 354 434 sponte
395 369 615 435 operata
654 366 825 420 docet.
900 367 1029 435 quin
1067 370 1121 420 et
1158 367 1415 422 lentiscus
1456 387 1641 422 amara

162 438 419 492 indicium
459 442 542 493 est
577 440 791 509 pluuiis.
865 444 950 493 ter
986 441 1157 494 fetum
1197 442 1430 511 concipit
1469 443 1629 496 arbos

163 516 349 582 terque
388 531 561 567 nouos
602 514 847 584 genetrix
884 514 1091 568 fructus
1131 515 1228 568 alit
1266 516 1490 585 ipsaque
1528 516 1673 569 trino

163 586 293 640 flore
330 586 674 641 renidescens
712 589 819 641 tria
857 591 1102 658 tempora
1140 589 1321 658 prodit
1361 590 1563 643 arandi.

161 663 244 714 ter
282 662 684 730 prorumpentis
724 662 907 715 scillae
946 666 1087 716 teres
1128 663 1352 733 erigitur
1389 664 1490 717 flos

164 735 507 805 sulcandique
548 736 722 789 solum
759 738 842 789 ter
880 739 1150 789 monstrat
1187 741 1399 806 tempus
1441 737 1641 790 adesse.

238 807 325 861 Sic
364 812 418 862 et
456 810 781 864 crabronum
818 828 981 863 rauca
1021 810 1241 880 agmina
1280 812 1326 864 si
1364 812 1593 864 uolitare

161 882 267 935 fine
306 883 404 936 sub
446 884 690 937 autumni
729 885 1068 953 conspexeris
1109 885 1326 938 aethere
1364 885 1529 956 longo
1539 927 1554 953 ,

161 957 271 1009 iam
310 958 651 1027 uespertinus
690 958 863 1027 primo
904 976 1024 1011 cum
1063 962 1372 1013 commouet
1410 963 1560 1013 ortus

161 1031 414 1101 uergilias
453 1032 670 1102 pelago,
711 1031 854 1085 dices
893 1032 1098 1086 instare
1136 1034 1420 1102 procellas,

163 1105 314 1174 sique
354 1124 476 1159 sues
515 1107 715 1176 lentae,
754 1106 801 1159 si
839 1107 995 1159 lanae
1036 1106 1222 1159 sedula
1259 1108 1441 1160 nutrix
1450 1150 1464 1176 ,

163 1179 209 1232 si
249 1197 410 1248 capra
449 1179 686 1234 dumosis
728 1199 913 1233 errans
951 1181 1010 1232 in
1048 1181 1275 1234 saltibus
1314 1182 1458 1234 ultro

162 1253 218 1306 in
257 1252 521 1306 Venerem
561 1258 777 1325 pergat,
818 1254 1015 1323 quippe
1057 1255 1180 1308 ollis
1219 1255 1416 1308 uuidus
1457 1273 1547 1308 aer

164 1328 361 1380 excitat
399 1328 671 1381 internum
709 1346 805 1397 per
843 1329 1050 1381 uiscera
1088 1331 1237 1382 mota
1274 1329 1535 1383 furorem:

163 1404 218 1453 et
254 1404 606 1470 tempestates
647 1405 700 1455 et
738 1402 927 1455 nubila
963 1403 1211 1471 protinus
1252 1406 1390 1458 atra.

163 1475 346 1528 adfore
384 1476 696 1545 praecipies,
774 1476 905 1546 quin
944 1480 999 1529 et
1037 1477 1295 1546 gaudebit
1334 1479 1513 1530 arator

165 1550 361 1620 quique
402 1550 579 1603 solum
617 1550 777 1603 iustis
817 1551 1059 1603 uersabit
1094 1551 1372 1604 mensibus
1414 1551 1561 1618 anni,

169 1624 326 1691 plebe
365 1641 559 1693 gruum
598 1624 794 1693 prima,
834 1624 1092 1694 gaudebit
1127 1625 1314 1678 tardus
1354 1626 1537 1678 arator

165 1697 378 1766 agmine
420 1698 714 1767 pigrarum:
755 1699 831 1751 sic
871 1699 1102 1766 quadam
1141 1700 1262 1769 lege
1301 1699 1522 1751 deorum

164 1771 249 1823 his
290 1789 468 1824 comes
508 1775 591 1825 est
628 1772 812 1824 imber.
889 1772 1118 1840 pecudes
1160 1773 1206 1825 si
1246 1772 1470 1841 denique
1509 1775 1710 1824 terram

163 1845 435 1914 lanigerae
474 1845 706 1915 fodiant,
745 1848 910 1914 caput
951 1850 1007 1899 at-
1043 1846 1295 1899 tendatur
1333 1846 1391 1899 in
1430 1848 1641 1915 arcton,

164 1937 285 1971 cum
324 1919 569 1973 madidus
602 1921 836 1987 primum
873 1937 969 1988 per
1007 1938 1279 1973 marmora
1317 1920 1536 1973 turbida
1574 1920 1758 1973 condit

161 1993 400 2062 pleiadas
441 2012 683 2062 occasus,
723 2012 844 2048 cum
883 1994 1103 2046 brumae
1141 1994 1200 2046 in
1237 1994 1441 2064 frigora
1480 1993 1621 2047 cedit

163 2067 388 2137 frugifer
426 2071 711 2120 autumnus
722 2109 736 2137 ,
776 2070 897 2120 ruet
935 2067 1123 2120 aethra
1162 2068 1405 2121 concitus
1444 2068 1631 2120 imber.

165 2143 222 2193 at
258 2160 326 2194 ne
365 2142 635 2210 perruptis
674 2145 940 2194 terrarum
981 2141 1139 2195 dorsa
1180 2142 1387 2194 lacunis

163 2215 429 2268 infodiant
467 2216 717 2284 pecudeS,
758 2215 802 2268 si
843 2218 998 2268 uasto
1039 2216 1250 2268 uiscera
1286 2215 1439 2268 hiatu

285 2364 397 2405 1783
430 2360 613 2405 uuentis
646 2374 667 2403 e
698 2359 915 2405 huuentis
946 2361 991 2403 A
1108 2364 1221 2405 1785
1254 2362 1326 2404 ter
1357 2359 1506 2405 fetum
1539 2361 1732 2415 (foetum
1764 2364 1802 2417 e)
1835 2376 1859 2407 e

163 2422 287 2479 terre
327 2433 431 2463 cum
462 2421 508 2463 A
632 2423 743 2462 1786
784 2419 905 2464 trino
945 2433 966 2464 e
1004 2418 1150 2463 trinos
1188 2418 1234 2462 A
1357 2423 1470 2463 1787
1510 2420 1803 2465 renidescens
1835 2435 1856 2465 e

163 2477 401 2522 reniscunt
431 2479 477 2521 A
601 2482 715 2522 1788
754 2478 876 2522 teres
916 2493 937 2522 e
975 2480 1107 2522 tener
1137 2479 1184 2521 A
1309 2483 1421 2522 1790
1457 2478 1654 2523 uolitare
1685 2493 1707 2524 e
1737 2478 1855 2523 uoli-

162 2538 286 2582 tasse
318 2538 364 2581 A
488 2542 602 2581 1794
642 2537 681 2580 si
719 2537 852 2581 lanae
892 2551 913 2580 e
951 2536 1158 2594 syllanae
1190 2536 1235 2579 A
1359 2542 1472 2581 1796
1512 2537 1677 2582 uuidus
1717 2553 1738 2582 e
1769 2538 1855 2581 hu-

163 2595 299 2640 nidus
330 2597 376 2640 A
500 2601 614 2640 1799
653 2595 911 2652 praecipies
943 2610 967 2639 v
1000 2594 1228 2652 percipies
1260 2595 1306 2638 A
1338 2596 1615 2652 praecipites
1647 2611 1668 2640 e
1698 2598 1714 2653 ΙΙ
1745 2596 1857 2653 quin

165 2658 213 2699 et
243 2669 264 2699 e
295 2655 374 2711 qui
406 2669 491 2700 nec
523 2655 568 2698 A
599 2656 616 2711 ΙΙ
649 2654 874 2711 gaudebit
904 2668 925 2699 e
955 2654 1179 2711 gaudebis
1210 2654 1255 2697 A
1379 2659 1492 2699 1800
1523 2654 1656 2699 iustis
1687 2669 1713 2699 v
1745 2654 1858 2699 iusti

163 2715 208 2757 A
227 2728 248 2758 e
341 2717 453 2758 1802
487 2714 553 2758 sic
584 2728 610 2757 v
643 2712 681 2757 si
712 2714 795 2756 Ae
818 2715 833 2770 ΙΙ
856 2713 1047 2757 deorum
1080 2728 1100 2757 e
1133 2713 1324 2756 dearum
1354 2715 1399 2756 A
1492 2719 1604 2757 1803
1640 2715 1811 2759 terram
1836 2729 1858 2759 e

164 2779 291 2816 terra
321 2774 367 2816 A
446 2777 560 2817 1804
593 2774 643 2816 at
675 2772 863 2816 Grotius
895 2774 977 2816 aut
1006 2772 1051 2814 A
1075 2774 1091 2827 ΙΙ
1114 2774 1275 2815 arcton
1306 2786 1332 2816 v
1364 2786 1522 2816 arcum
1553 2774 1598 2815 A
1630 2775 1812 2816 arctum
1836 2788 1859 2817 e

169 2836 282 2875 1805
326 2831 527 2887 primum
567 2832 730 2875 addidi
768 2832 824 2885 ef.
865 2831 1052 2875 Hermes
1093 2830 1228 2873 XVI
1263 2845 1306 2887 p.
1350 2835 1438 2875 123
1476 2846 1522 2876 η.
1556 2834 1617 2876 72
1657 2845 1740 2875 om.
1773 2832 1858 2876 Ae

167 2893 280 2935 1806
324 2890 539 2936 Pleiadas
569 2890 614 2935 A
646 2888 827 2946 pliadas
867 2905 887 2935 e
1012 2893 1125 2935 1808
1165 2891 1215 2934 at
1253 2903 1310 2934 ne
1346 2904 1370 2936 v
1403 2892 1533 2935 Anne
1564 2892 1609 2934 A
1642 2893 1716 2934 An
1746 2905 1804 2936 ne
1836 2905 1858 2936 e

1876 828 1940 863 465

1876 1199 1940 1231 470

1877 1568 1940 1600 4⁷5

1877 1937 1940 1970 480
