1940 3072
8 108 51 134 ²:3-

8 144 55 158 ..q—x

7 167 46 202 ἐἶ-υ,
58 203 62 210 x

4 218 21 255 ,ἑ
29 239 33 241 .

10 298 22 325 'J

750 138 817 184 'x
846 144 1070 214 soe-365
1154 142 1158 144 “
1392 116 1396 119 ,
1655 147 1724 200 71
1806 193 1820 202 κ

186 293 190 296 ⁴
227 244 478 340 Cingitur
502 271 557 322 et
579 271 760 338 postes
785 269 956 321 soceri
979 268 1072 338 pia
1096 272 1238 323 serta
1262 273 1537 326 coronant.

221 332 355 393 Mox
377 338 644 392 thalamos
668 338 879 391 subiere
941 356 1059 392 ares
1066 381 1083 408 ,
1109 339 1341 393 laetatur
1361 339 1523 394 Iason

228 409 469 480 Sponsus
492 411 548 462 et
570 409 631 461 in
654 408 840 461 castris
921 409 1093 462 eneris
1119 408 1309 463 Medea
1336 409 1648 480 triumphat.

124 530 208 571 340
230 520 493 583 Quattuor
516 521 722 574 interea
745 519 996 574 Phoebus
1020 523 1354 592 transegerat
1382 540 1554 576 annos
1565 565 1580 592 ,

231 589 333 644 Sed
357 595 513 644 natos
537 590 727 643 Medea
751 590 884 644 duos
908 590 1138 644 fecunda
1162 592 1356 645 marito
1408 606 1413 609 ’

227 661 507 728 Ediderat,
534 678 654 714 cum
680 665 837 714 nocte
862 661 1041 714 iacens
1068 662 1300 730 suspirat
1321 661 1499 716 Iason.

227 730 343 784 Nec
362 732 591 802 gemitus
611 731 815 784 latuere
834 748 1074 800 magam:
1113 737 1128 760 ³
1145 749 1321 800 quam,
1349 732 1554 802 callide,
1580 732 1724 786 frau-

1303 803 1423 854 dem

227 869 450 933 Quodne
484 871 637 924 nefas
662 870 935 923 moliris‘P
974 871 1050 923 ait
1076 876 1216 924 ‘non
1240 871 1385 924 fallis
1414 875 1697 926 amantem.

124 951 207 992 345
228 941 421 994 Dulcia
446 959 603 1010 saepe
628 941 762 1010 uigil
789 944 1126 993 contrectans
1148 945 1368 1010 pectora
1394 943 1590 995 coniux

225 1012 448 1080 Agnoui
474 1012 599 1080 quia
622 1011 767 1063 furta
790 1029 945 1079 paras
972 1011 1098 1079 quia
1121 1015 1300 1065 mente
1324 1012 1506 1082 fugaci

222 1081 527 1135 Infaustum
552 1081 923 1150 quodcumque
951 1082 1125 1150 cupis:
1165 1085 1368 1134 secreta
1390 1083 1640 1150 polorum

226 1151 535 1221 CognoscO,
563 1153 608 1204 si
632 1152 851 1204 morbus
877 1151 1001 1219 erit,
1029 1152 1074 1203 si
1098 1151 1240 1204 bella
1262 1155 1546 1221 parentur,

225 1221 283 1275 Si
308 1222 459 1291 pluet
483 1226 576 1274 aut
600 1221 815 1274 flamma
842 1222 1047 1274 caelum
1070 1222 1326 1274 rutilante
1352 1227 1619 1291 coruscet,

31 1277 40 1285 ⁹
119 1303 204 1343 350
221 1292 295 1346 Et
317 1299 378 1344 tu
403 1291 645 1344 Medeam
673 1291 841 1343 credis
867 1292 994 1360 quia
1017 1292 1187 1360 fallis,
1212 1292 1442 1345 Iason‘P’

227 1362 379 1415 Tunc
404 1362 480 1414 sic
505 1361 803 1414 Aesonides
829 1362 1069 1414 stimulet
1094 1380 1228 1430 quae
1254 1380 1382 1415 cura
1406 1362 1682 1431 medullas⁵

223 1432 433 1485 Indicat
458 1435 512 1484 et
534 1432 690 1500 pellis
716 1450 900 1484 causas
925 1432 1013 1483 uel
1036 1435 1277 1500 tempore
1302 1436 1454 1485 tanto

183 1550 185 1553 ,
228 1502 382 1564 Quod
407 1502 573 1554 lateat
598 1502 769 1554 socios
796 1502 889 1570 qui
909 1502 1017 1554 iam
1042 1502 1118 1554 sic
1141 1505 1333 1572 regnat
1357 1503 1581 1572 amicus7

227 1572 628 1640 Consumptum
638 1590 798 1640 quem
819 1574 992 1625 morte
1017 1575 1215 1640 putant
1237 1573 1611 1643 planguntque
1636 1592 1728 1642 pa-

1297 1647 1503 1696 rentes:

120 1724 204 1764 355
229 1718 244 1741 ‘
259 1712 514 1781 Optarem
538 1713 777 1765 renidere
803 1731 950 1765 meos
976 1713 1276 1781 iterumque
1300 1714 1500 1766 reuerti

224 1782 313 1836 Ad
336 1783 600 1835 thalamos
614 1824 628 1851 ,
655 1783 866 1852 regina,
893 1786 1016 1836 tuos
1025 1824 1040 1851 ,
1065 1786 1364 1836 monstrare
1390 1784 1631 1853 Pelasgis

227 1853 367 1915 Quid
393 1853 588 1906 coniux
613 1853 742 1921 quid
766 1852 879 1904 fata
903 1853 1101 1905 ualent.
1117 1859 1133 1882 ²
1183 1852 1371 1906 Medea
1399 1855 1592 1907 marito

228 1932 242 1953 ‘
259 1924 373 1976 Iam
398 1924 600 1992 pariter
623 1927 937 1992 pergamus‘
965 1922 1042 1974 ait
1068 1923 1170 1975 ‘sic
1197 1941 1357 1976 aurea
1380 1924 1536 1992 pellis

228 1993 461 2046 Tollitur
486 1996 548 2045 ut
570 1993 774 2045 lateant
797 1995 1011 2044 uastum
1035 2010 1155 2045 mea
1177 1993 1322 2046 facta
1346 1995 1667 2050 draconem.'

122 2075 207 2116 360
225 2063 451 2117 Dixerat
475 2067 529 2116 et
553 2064 734 2116 stratis
758 2063 966 2131 rapitur
991 2063 1090 2115 sub
1116 2067 1275 2116 nocte
1300 2064 1495 2116 silenti.

229 2137 393 2189 Astra
416 2152 618 2187 uocans
644 2136 698 2185 et
723 2133 877 2203 signa
903 2133 1046 2185 ciens
1079 2133 1228 2185 iubet
1251 2134 1345 2186 illa
1370 2133 1631 2202 Soporem

227 2205 314 2257 Ad
338 2222 527 2257 nemus
553 2204 619 2256 ad
643 2204 840 2272 pellem
865 2203 952 2255 uel
977 2203 1235 2271 templum
1261 2203 1450 2256 Martis
1482 2205 1654 2257 abire:
1749 2225 1807 2265 [p.
1827 2224 1887 2265 89]

226 2274 535 2327 Dormierat
560 2292 805 2342 serpens,
831 2274 987 2341 pellis
1014 2274 1284 2326 subtracta
1308 2275 1502 2327 marito
1739 2296 1744 2300 ·

227 2344 478 2397 Traditur
504 2348 557 2397 et
581 2344 783 2413 pariter
807 2343 1065 2413 fugerunt
1087 2343 1254 2397 fratre
1279 2348 1487 2397 necatO.

121 2425 204 2465 365
230 2415 521 2483 Accipiunt
544 2417 701 2467 natos
728 2417 782 2466 et
806 2414 1018 2483 singula
1042 2414 1273 2482 pignora
1296 2418 1531 2483 portant.

236 2601 318 2640 338
357 2598 557 2639 laetatus
593 2611 707 2639 corr.
741 2598 902 2638 Buech.
1020 2600 1102 2639 343
1141 2598 1206 2638 Ne
1321 2600 1403 2639 349
1443 2597 1572 2639 coelo
1611 2611 1727 2640 corr.

120 2653 284 2694 Buech.
428 2656 508 2696 351
549 2654 771 2695 Esonides
806 2654 812 2704 l
847 2654 995 2694 forma
1033 2667 1145 2695 corr.
1186 2653 1344 2694 Buech.
1497 2656 1580 2695 353
1619 2655 1728 2707 quia

119 2711 204 2751 354
232 2708 646 2763 Consumptumque
678 2710 745 2750 cu'i
772 2713 1041 2762 corruptelae
1070 2711 1230 2763 signum
1260 2711 1446 2751 additum
1476 2716 1540 2751 est
1645 2712 1727 2752 355

122 2764 357 2820 Optarem]
397 2779 532 2819 supra
576 2779 619 2806 m
657 2768 820 2807 literam
863 2768 1134 2818 corruptelae
1172 2772 1274 2807 nota
1309 2767 1428 2818 picta
1467 2772 1530 2807 est
1645 2767 1728 2808 357

118 2822 223 2873 fort.
261 2825 369 2863 uota
405 2822 563 2863 Bacch.
685 2824 767 2863 359
806 2820 1014 2862 Tollatur
1046 2820 1051 2871 l
1087 2826 1191 2862 sata
1320 2823 1402 2862 362
1444 2821 1502 2863 ad
1539 2819 1725 2877 pellem]

119 2877 224 2929 fort.
257 2891 312 2918 ac
343 2877 502 2919 Buech.
616 2880 699 2919 365
726 2878 832 2929 fort.
868 2890 1025 2918 secum
