<?xml version="1.0" encoding="UTF-8"?>
<!DOCTYPE html PUBLIC "-//W3C//DTD XHTML 1.0 Transitional//EN"
    "http://www.w3.org/TR/xhtml1/DTD/xhtml1-transitional.dtd">
<html xmlns="http://www.w3.org/1999/xhtml" xml:lang="en" lang="en">
 <head>
  <title>
</title>
<meta http-equiv="Content-Type" content="text/html;charset=utf-8" />
  <meta name='ocr-system' content='tesseract 3.04.00' />
  <meta name='ocr-capabilities' content='ocr_page ocr_carea ocr_par ocr_line ocrx_word'/>
</head>
<body>
  <div class='ocr_page' id='page_1' title='image "./phaedriaugustili00phaeuoft_0251.png"; bbox 0 0 1940 3072; ppageno 0'>
   <div class='ocr_carea' id='block_1_1' title="bbox 0 12 5 616">
    <p class='ocr_par' dir='ltr' id='par_1_1' title="bbox 0 12 5 616">
     <span class='ocr_line' id='line_1_1' title="bbox 0 12 5 616; baseline 0 0"><span class='ocrx_word' id='word_1_1' title='bbox 0 12 5 616; x_wconf 95' lang='lat' dir='ltr'><strong> </strong></span> 
     </span>
    </p>
   </div>
   <div class='ocr_carea' id='block_1_2' title="bbox 6 773 80 815">
    <p class='ocr_par' dir='ltr' id='par_1_2' title="bbox 6 773 80 815">
     <span class='ocr_line' id='line_1_2' title="bbox 6 773 80 815; baseline -0.014 0"><span class='ocrx_word' id='word_1_2' title='bbox 6 773 80 815; x_wconf 72' lang='lat'><strong>535</strong></span> 
     </span>
    </p>
   </div>
   <div class='ocr_carea' id='block_1_3' title="bbox 7 1143 83 1184">
    <p class='ocr_par' dir='ltr' id='par_1_3' title="bbox 7 1143 83 1184">
     <span class='ocr_line' id='line_1_3' title="bbox 7 1143 83 1184; baseline 0.026 -2"><span class='ocrx_word' id='word_1_3' title='bbox 7 1143 83 1184; x_wconf 69' lang='lat'><strong>340</strong></span> 
     </span>
    </p>
   </div>
   <div class='ocr_carea' id='block_1_4' title="bbox 10 1512 82 1552">
    <p class='ocr_par' dir='ltr' id='par_1_4' title="bbox 10 1512 82 1552">
     <span class='ocr_line' id='line_1_4' title="bbox 10 1512 82 1552; baseline 0.014 -1"><span class='ocrx_word' id='word_1_4' title='bbox 10 1512 82 1552; x_wconf 68' lang='lat'><strong>545</strong></span> 
     </span>
    </p>
   </div>
   <div class='ocr_carea' id='block_1_5' title="bbox 783 122 1142 175">
    <p class='ocr_par' dir='ltr' id='par_1_5' title="bbox 783 122 1142 175">
     <span class='ocr_line' id='line_1_5' title="bbox 783 122 1142 175; baseline 0.003 -17"><span class='ocrx_word' id='word_1_5' title='bbox 783 122 1142 175; x_wconf 65' lang='lat'>-27-</span> 
     </span>
    </p>
   </div>
   <div class='ocr_carea' id='block_1_6' title="bbox 114 236 1598 398">
    <p class='ocr_par' dir='ltr' id='par_1_6' title="bbox 114 236 1598 383">
     <span class='ocr_line' id='line_1_6' title="bbox 116 236 1598 311; baseline 0.002 -20"><span class='ocrx_word' id='word_1_6' title='bbox 116 240 171 291; x_wconf 92' lang='lat' dir='ltr'><strong>et</strong></span> <span class='ocrx_word' id='word_1_7' title='bbox 208 236 404 291; x_wconf 88' lang='lat' dir='ltr'><strong>deuota</strong></span> <span class='ocrx_word' id='word_1_8' title='bbox 443 237 619 291; x_wconf 90' lang='lat' dir='ltr'><strong>uirum</strong></span> <span class='ocrx_word' id='word_1_9' title='bbox 656 241 900 308; x_wconf 87' lang='lat' dir='ltr'><strong>tegerent</strong></span> <span class='ocrx_word' id='word_1_10' title='bbox 938 238 1198 293; x_wconf 89' lang='lat' dir='ltr'><strong>Libethra</strong></span> <span class='ocrx_word' id='word_1_11' title='bbox 1236 244 1598 311; x_wconf 86' lang='lat' dir='ltr'><strong>peremptum,</strong></span> 
     </span>
     <span class='ocr_line' id='line_1_7' title="bbox 114 310 1485 398; baseline 0.004 -35"><span class='ocrx_word' id='word_1_12' title='bbox 114 310 297 364; x_wconf 89' lang='lat' dir='ltr'><strong>intulit</strong></span> <span class='ocrx_word' id='word_1_13' title='bbox 334 311 474 365; x_wconf 90' lang='lat' dir='ltr'><strong>hanc</strong></span> <span class='ocrx_word' id='word_1_14' title='bbox 513 312 663 365; x_wconf 86' lang='lat' dir='ltr'><strong>caelo</strong></span> <span class='ocrx_word' id='word_1_15' title='bbox 702 313 988 367; x_wconf 88' lang='lat' dir='ltr'><strong>miseratus</strong></span> <span class='ocrx_word' id='word_1_16' title='bbox 1026 313 1272 398; x_wconf 87' lang='lat' dir='ltr'><strong>Iuppiter</strong></span> <span class='ocrx_word' id='word_1_17' title='bbox 1313 317 1485 368; x_wconf 86' lang='lat' dir='ltr'><strong>artem</strong></span> 
     </span>
    </p>
   </div>
   <div class='ocr_carea' id='block_1_7' title="bbox 8 386 1655 457">
    <p class='ocr_par' dir='ltr' id='par_1_7' title="bbox 8 386 1655 457">
     <span class='ocr_line' id='line_1_8' title="bbox 8 386 1655 457; baseline 0.003 -20"><span class='ocrx_word' id='word_1_18' title='bbox 8 405 84 446; x_wconf 76' lang='lat'><strong>530</strong></span> <span class='ocrx_word' id='word_1_19' title='bbox 114 386 440 455; x_wconf 88' lang='lat' dir='ltr'><strong>praestantis</strong></span> <span class='ocrx_word' id='word_1_20' title='bbox 478 386 709 455; x_wconf 78' lang='lat' dir='ltr'><strong>iuueniS‚</strong></span> <span class='ocrx_word' id='word_1_21' title='bbox 746 387 976 456; x_wconf 90' lang='lat' dir='ltr'><strong>pecudes</strong></span> <span class='ocrx_word' id='word_1_22' title='bbox 1017 388 1109 457; x_wconf 92' lang='lat' dir='ltr'><strong>qui</strong></span> <span class='ocrx_word' id='word_1_23' title='bbox 1149 391 1204 440; x_wconf 91' lang='lat' dir='ltr'><strong>et</strong></span> <span class='ocrx_word' id='word_1_24' title='bbox 1241 388 1465 441; x_wconf 90' lang='lat' dir='ltr'><strong>fiumina</strong></span> <span class='ocrx_word' id='word_1_25' title='bbox 1502 391 1655 443; x_wconf 90' lang='lat' dir='ltr'><strong>uates</strong></span> 
     </span>
    </p>
   </div>
   <div class='ocr_carea' id='block_1_8' title="bbox 113 459 1413 530">
    <p class='ocr_par' dir='ltr' id='par_1_8' title="bbox 113 459 1413 530">
     <span class='ocr_line' id='line_1_9' title="bbox 113 459 1413 530; baseline 0.003 -19"><span class='ocrx_word' id='word_1_26' title='bbox 113 459 349 513; x_wconf 86' lang='lat' dir='ltr'><strong>flexerat.</strong></span> <span class='ocrx_word' id='word_1_27' title='bbox 426 477 488 512; x_wconf 92' lang='lat' dir='ltr'><strong>ac</strong></span> <span class='ocrx_word' id='word_1_28' title='bbox 525 460 639 514; x_wconf 88' lang='lat' dir='ltr'><strong>nixi</strong></span> <span class='ocrx_word' id='word_1_29' title='bbox 678 478 785 530; x_wconf 91' lang='lat' dir='ltr'><strong>qua</strong></span> <span class='ocrx_word' id='word_1_30' title='bbox 823 463 992 514; x_wconf 92' lang='lat' dir='ltr'><strong>semet</strong></span> <span class='ocrx_word' id='word_1_31' title='bbox 1032 462 1209 515; x_wconf 91' lang='lat' dir='ltr'><strong>sidera</strong></span> <span class='ocrx_word' id='word_1_32' title='bbox 1246 465 1413 530; x_wconf 87' lang='lat' dir='ltr'><strong>ponto</strong></span> 
     </span>
    </p>
   </div>
   <div class='ocr_carea' id='block_1_9' title="bbox 115 533 1802 664">
    <p class='ocr_par' dir='ltr' id='par_1_9' title="bbox 115 533 1802 664">
     <span class='ocr_line' id='line_1_10' title="bbox 115 533 1802 604; baseline 0.002 -18"><span class='ocrx_word' id='word_1_33' title='bbox 115 533 431 602; x_wconf 86' lang='lat' dir='ltr'><strong>sustollunt,</strong></span> <span class='ocrx_word' id='word_1_34' title='bbox 476 534 690 587; x_wconf 90' lang='lat' dir='ltr'><strong>laeuum</strong></span> <span class='ocrx_word' id='word_1_35' title='bbox 736 538 958 604; x_wconf 91' lang='lat' dir='ltr'><strong>propter</strong></span> <span class='ocrx_word' id='word_1_36' title='bbox 1001 535 1185 604; x_wconf 83' lang='lat' dir='ltr'><strong>chelys</strong></span> <span class='ocrx_word' id='word_1_37' title='bbox 1224 535 1356 589; x_wconf 92' lang='lat' dir='ltr'><strong>haec</strong></span> <span class='ocrx_word' id='word_1_38' title='bbox 1394 536 1570 589; x_wconf 86' lang='lat' dir='ltr'><strong>femur</strong></span> <span class='ocrx_word' id='word_1_39' title='bbox 1608 536 1802 591; x_wconf 88' lang='lat' dir='ltr'><strong>adstat.</strong></span> 
     </span>
     <span class='ocr_line' id='line_1_11' title="bbox 115 607 1476 664; baseline 0.002 -5"><span class='ocrx_word' id='word_1_40' title='bbox 115 607 335 660; x_wconf 85' lang='lat' dir='ltr'><strong>aduolat</strong></span> <span class='ocrx_word' id='word_1_41' title='bbox 373 610 459 660; x_wconf 87' lang='lat' dir='ltr'><strong>ast</strong></span> <span class='ocrx_word' id='word_1_42' title='bbox 497 608 647 661; x_wconf 91' lang='lat' dir='ltr'><strong>aliud</strong></span> <span class='ocrx_word' id='word_1_43' title='bbox 684 608 828 662; x_wconf 91' lang='lat' dir='ltr'><strong>latus</strong></span> <span class='ocrx_word' id='word_1_44' title='bbox 869 609 982 662; x_wconf 91' lang='lat' dir='ltr'><strong>ales</strong></span> <span class='ocrx_word' id='word_1_45' title='bbox 1023 612 1078 662; x_wconf 93' lang='lat' dir='ltr'><strong>et</strong></span> <span class='ocrx_word' id='word_1_46' title='bbox 1115 627 1212 663; x_wconf 89' lang='lat' dir='ltr'><strong>ora</strong></span> <span class='ocrx_word' id='word_1_47' title='bbox 1250 628 1476 664; x_wconf 90' lang='lat' dir='ltr'><strong>canoros</strong></span> 
     </span>
    </p>
   </div>
   <div class='ocr_carea' id='block_1_10' title="bbox 111 681 1801 1860">
    <p class='ocr_par' dir='ltr' id='par_1_10' title="bbox 111 681 1603 827">
     <span class='ocr_line' id='line_1_12' title="bbox 111 681 1603 752; baseline 0.003 -19"><span class='ocrx_word' id='word_1_48' title='bbox 111 681 350 734; x_wconf 72' lang='lat' dir='ltr'><strong>tenditur</strong></span> <span class='ocrx_word' id='word_1_49' title='bbox 388 681 456 734; x_wconf 92' lang='lat' dir='ltr'><strong>ad</strong></span> <span class='ocrx_word' id='word_1_50' title='bbox 494 699 712 752; x_wconf 79' lang='lat' dir='ltr'><strong>nerUOS,</strong></span> <span class='ocrx_word' id='word_1_51' title='bbox 749 683 926 736; x_wconf 88' lang='lat' dir='ltr'><strong>media</strong></span> <span class='ocrx_word' id='word_1_52' title='bbox 963 686 1048 736; x_wconf 88' lang='lat' dir='ltr'><strong>est</strong></span> <span class='ocrx_word' id='word_1_53' title='bbox 1083 684 1205 752; x_wconf 88' lang='lat' dir='ltr'><strong>lyra</strong></span> <span class='ocrx_word' id='word_1_54' title='bbox 1243 684 1365 736; x_wconf 90' lang='lat' dir='ltr'><strong>sede</strong></span> <span class='ocrx_word' id='word_1_55' title='bbox 1405 684 1603 749; x_wconf 84' lang='lat' dir='ltr'><strong>dicata,</strong></span> 
     </span>
     <span class='ocr_line' id='line_1_13' title="bbox 115 755 1412 827; baseline 0.002 -20"><span class='ocrx_word' id='word_1_56' title='bbox 115 772 321 825; x_wconf 86' lang='lat' dir='ltr'><strong>cygneo</strong></span> <span class='ocrx_word' id='word_1_57' title='bbox 362 755 528 825; x_wconf 88' lang='lat' dir='ltr'><strong>capiti</strong></span> <span class='ocrx_word' id='word_1_58' title='bbox 566 759 621 809; x_wconf 91' lang='lat' dir='ltr'><strong>et</strong></span> <span class='ocrx_word' id='word_1_59' title='bbox 659 775 823 811; x_wconf 91' lang='lat' dir='ltr'><strong>curuo</strong></span> <span class='ocrx_word' id='word_1_60' title='bbox 864 758 1199 811; x_wconf 86' lang='lat' dir='ltr'><strong>contermina</strong></span> <span class='ocrx_word' id='word_1_61' title='bbox 1239 757 1412 827; x_wconf 87' lang='lat' dir='ltr'><strong>signo.</strong></span> 
     </span>
    </p>

    <p class='ocr_par' dir='ltr' id='par_1_11' title="bbox 113 827 1801 1489">
     <span class='ocr_line' id='line_1_14' title="bbox 186 827 1755 902; baseline 0.002 -20"><span class='ocrx_word' id='word_1_62' title='bbox 186 827 433 899; x_wconf 85' lang='lat' dir='ltr'><strong>Namque</strong></span> <span class='ocrx_word' id='word_1_63' title='bbox 474 833 529 883; x_wconf 88' lang='lat' dir='ltr'><strong>et</strong></span> <span class='ocrx_word' id='word_1_64' title='bbox 567 830 786 884; x_wconf 84' lang='lat' dir='ltr'><strong>sidereis</strong></span> <span class='ocrx_word' id='word_1_65' title='bbox 826 848 1065 902; x_wconf 83' lang='lat' dir='ltr'><strong>cygnus</strong></span> <span class='ocrx_word' id='word_1_66' title='bbox 1107 834 1254 885; x_wconf 88' lang='lat' dir='ltr'><strong>secat</strong></span> <span class='ocrx_word' id='word_1_67' title='bbox 1292 832 1513 885; x_wconf 86' lang='lat' dir='ltr'><strong>aethera</strong></span> <span class='ocrx_word' id='word_1_68' title='bbox 1550 832 1755 901; x_wconf 79' lang='lat' dir='ltr'><strong>pinniS,</strong></span> 
     </span>
     <span class='ocr_line' id='line_1_15' title="bbox 114 902 1352 974; baseline 0.002 -19"><span class='ocrx_word' id='word_1_69' title='bbox 114 902 342 956; x_wconf 89' lang='lat' dir='ltr'><strong>donatus</strong></span> <span class='ocrx_word' id='word_1_70' title='bbox 384 903 560 973; x_wconf 87' lang='lat' dir='ltr'><strong>caelo,</strong></span> <span class='ocrx_word' id='word_1_71' title='bbox 597 923 708 958; x_wconf 93' lang='lat' dir='ltr'><strong>non</strong></span> <span class='ocrx_word' id='word_1_72' title='bbox 748 905 891 958; x_wconf 92' lang='lat' dir='ltr'><strong>claro</strong></span> <span class='ocrx_word' id='word_1_73' title='bbox 930 905 1139 958; x_wconf 88' lang='lat' dir='ltr'><strong>lucidus</strong></span> <span class='ocrx_word' id='word_1_74' title='bbox 1179 908 1352 974; x_wconf 85' lang='lat' dir='ltr'><strong>astro,</strong></span> 
     </span>
     <span class='ocr_line' id='line_1_16' title="bbox 114 977 1708 1049; baseline 0.001 -20"><span class='ocrx_word' id='word_1_75' title='bbox 114 977 207 1029; x_wconf 88' lang='lat' dir='ltr'><strong>sed</strong></span> <span class='ocrx_word' id='word_1_76' title='bbox 245 980 426 1030; x_wconf 86' lang='lat' dir='ltr'><strong>tamen</strong></span> <span class='ocrx_word' id='word_1_77' title='bbox 468 996 527 1031; x_wconf 93' lang='lat' dir='ltr'><strong>os</strong></span> <span class='ocrx_word' id='word_1_78' title='bbox 567 978 816 1049; x_wconf 45' lang='lat' dir='ltr'><strong>flagrans*</strong></span> <span class='ocrx_word' id='word_1_79' title='bbox 846 982 900 1031; x_wconf 89' lang='lat' dir='ltr'><strong>et</strong></span> <span class='ocrx_word' id='word_1_80' title='bbox 938 981 1160 1049; x_wconf 88' lang='lat' dir='ltr'><strong>guttura</strong></span> <span class='ocrx_word' id='word_1_81' title='bbox 1196 979 1364 1049; x_wconf 86' lang='lat' dir='ltr'><strong>longa</strong></span> <span class='ocrx_word' id='word_1_82' title='bbox 1405 997 1708 1032; x_wconf 82' lang='lat' dir='ltr'><strong>coruscans.</strong></span> 
     </span>
     <span class='ocr_line' id='line_1_17' title="bbox 113 1051 1801 1122; baseline 0.002 -20"><span class='ocrx_word' id='word_1_83' title='bbox 113 1051 410 1119; x_wconf 82' lang='lat' dir='ltr'><strong>grandibus</strong></span> <span class='ocrx_word' id='word_1_84' title='bbox 455 1052 599 1104; x_wconf 90' lang='lat' dir='ltr'><strong>haud</strong></span> <span class='ocrx_word' id='word_1_85' title='bbox 643 1052 888 1122; x_wconf 87' lang='lat' dir='ltr'><strong>equidem</strong></span> <span class='ocrx_word' id='word_1_86' title='bbox 930 1054 1124 1122; x_wconf 76' lang='lat' dir='ltr'><strong>stellis,</strong></span> <span class='ocrx_word' id='word_1_87' title='bbox 1170 1072 1279 1106; x_wconf 95' lang='lat' dir='ltr'><strong>non</strong></span> <span class='ocrx_word' id='word_1_88' title='bbox 1317 1053 1402 1106; x_wconf 92' lang='lat' dir='ltr'><strong>his</strong></span> <span class='ocrx_word' id='word_1_89' title='bbox 1441 1056 1627 1106; x_wconf 86' lang='lat' dir='ltr'><strong>tamen</strong></span> <span class='ocrx_word' id='word_1_90' title='bbox 1666 1053 1801 1106; x_wconf 88' lang='lat' dir='ltr'><strong>atris</strong></span> 
     </span>
     <span class='ocr_line' id='line_1_18' title="bbox 116 1125 1550 1180; baseline 0.001 -3"><span class='ocrx_word' id='word_1_91' title='bbox 116 1125 424 1178; x_wconf 87' lang='lat' dir='ltr'><strong>obscurisue</strong></span> <span class='ocrx_word' id='word_1_92' title='bbox 464 1126 644 1180; x_wconf 89' lang='lat' dir='ltr'><strong>micat.</strong></span> <span class='ocrx_word' id='word_1_93' title='bbox 720 1126 894 1180; x_wconf 87' lang='lat' dir='ltr'><strong>trahit</strong></span> <span class='ocrx_word' id='word_1_94' title='bbox 930 1126 987 1179; x_wconf 89' lang='lat' dir='ltr'><strong>in</strong></span> <span class='ocrx_word' id='word_1_95' title='bbox 1027 1145 1267 1180; x_wconf 89' lang='lat' dir='ltr'><strong>conuexa</strong></span> <span class='ocrx_word' id='word_1_96' title='bbox 1306 1128 1550 1180; x_wconf 89' lang='lat' dir='ltr'><strong>uolatum</strong></span> 
     </span>
     <span class='ocr_line' id='line_1_19' title="bbox 114 1199 1489 1270; baseline 0.001 -19"><span class='ocrx_word' id='word_1_97' title='bbox 114 1199 426 1268; x_wconf 87' lang='lat' dir='ltr'><strong>perfacilem</strong></span> <span class='ocrx_word' id='word_1_98' title='bbox 465 1203 519 1252; x_wconf 91' lang='lat' dir='ltr'><strong>et</strong></span> <span class='ocrx_word' id='word_1_99' title='bbox 559 1199 746 1254; x_wconf 87' lang='lat' dir='ltr'><strong>dextro</strong></span> <span class='ocrx_word' id='word_1_100' title='bbox 785 1201 894 1253; x_wconf 90' lang='lat' dir='ltr'><strong>late</strong></span> <span class='ocrx_word' id='word_1_101' title='bbox 935 1199 1206 1270; x_wconf 85' lang='lat' dir='ltr'><strong>Cepheida</strong></span> <span class='ocrx_word' id='word_1_102' title='bbox 1245 1201 1489 1253; x_wconf 87' lang='lat' dir='ltr'><strong>dextram</strong></span> 
     </span>
     <span class='ocr_line' id='line_1_20' title="bbox 114 1272 1454 1344; baseline 0.002 -20"><span class='ocrx_word' id='word_1_103' title='bbox 114 1272 306 1325; x_wconf 88' lang='lat' dir='ltr'><strong>radens</strong></span> <span class='ocrx_word' id='word_1_104' title='bbox 345 1274 571 1343; x_wconf 87' lang='lat' dir='ltr'><strong>remigio</strong></span> <span class='ocrx_word' id='word_1_105' title='bbox 615 1293 825 1327; x_wconf 90' lang='lat' dir='ltr'><strong>summa</strong></span> <span class='ocrx_word' id='word_1_106' title='bbox 865 1274 931 1327; x_wconf 91' lang='lat' dir='ltr'><strong>ad</strong></span> <span class='ocrx_word' id='word_1_107' title='bbox 970 1275 1203 1344; x_wconf 85' lang='lat' dir='ltr'><strong>uestigia</strong></span> <span class='ocrx_word' id='word_1_108' title='bbox 1241 1275 1454 1328; x_wconf 89' lang='lat' dir='ltr'><strong>laeuam</strong></span> 
     </span>
     <span class='ocr_line' id='line_1_21' title="bbox 115 1346 1517 1418; baseline 0.003 -20"><span class='ocrx_word' id='word_1_109' title='bbox 115 1346 413 1399; x_wconf 89' lang='lat' dir='ltr'><strong>declinatur</strong></span> <span class='ocrx_word' id='word_1_110' title='bbox 452 1347 587 1417; x_wconf 90' lang='lat' dir='ltr'><strong>equi.</strong></span> <span class='ocrx_word' id='word_1_111' title='bbox 664 1348 742 1401; x_wconf 91' lang='lat' dir='ltr'><strong>sic</strong></span> <span class='ocrx_word' id='word_1_112' title='bbox 780 1365 979 1418; x_wconf 85' lang='lat' dir='ltr'><strong>magno</strong></span> <span class='ocrx_word' id='word_1_113' title='bbox 1018 1367 1244 1418; x_wconf 88' lang='lat' dir='ltr'><strong>praepes</strong></span> <span class='ocrx_word' id='word_1_114' title='bbox 1285 1347 1517 1418; x_wconf 83' lang='lat' dir='ltr'><strong>Olympo</strong></span> 
     </span>
     <span class='ocr_line' id='line_1_22' title="bbox 117 1421 1555 1489; baseline 0.001 -16"><span class='ocrx_word' id='word_1_115' title='bbox 117 1421 455 1489; x_wconf 87' lang='lat' dir='ltr'><strong>subuehitur‚</strong></span> <span class='ocrx_word' id='word_1_116' title='bbox 495 1421 641 1474; x_wconf 89' lang='lat' dir='ltr'><strong>subit</strong></span> <span class='ocrx_word' id='word_1_117' title='bbox 682 1422 890 1475; x_wconf 90' lang='lat' dir='ltr'><strong>occidui</strong></span> <span class='ocrx_word' id='word_1_118' title='bbox 930 1423 1004 1475; x_wconf 89' lang='lat' dir='ltr'><strong>sic</strong></span> <span class='ocrx_word' id='word_1_119' title='bbox 1044 1422 1328 1476; x_wconf 90' lang='lat' dir='ltr'><strong>marmoris</strong></span> <span class='ocrx_word' id='word_1_120' title='bbox 1368 1423 1555 1475; x_wconf 78' lang='lat' dir='ltr'><strong>undas,</strong></span> 
     </span>
    </p>

    <p class='ocr_par' dir='ltr' id='par_1_12' title="bbox 114 1493 1744 1860">
     <span class='ocr_line' id='line_1_23' title="bbox 188 1493 1744 1566; baseline 0.001 -19"><span class='ocrx_word' id='word_1_121' title='bbox 188 1493 329 1547; x_wconf 89' lang='lat' dir='ltr'><strong>Nam</strong></span> <span class='ocrx_word' id='word_1_122' title='bbox 367 1498 494 1563; x_wconf 84' lang='lat' dir='ltr'><strong>post</strong></span> <span class='ocrx_word' id='word_1_123' title='bbox 530 1495 874 1564; x_wconf 91' lang='lat' dir='ltr'><strong>cornipedem</strong></span> <span class='ocrx_word' id='word_1_124' title='bbox 911 1496 1148 1566; x_wconf 86' lang='lat' dir='ltr'><strong>flagrant</strong></span> <span class='ocrx_word' id='word_1_125' title='bbox 1186 1497 1291 1549; x_wconf 90' lang='lat' dir='ltr'><strong>duo</strong></span> <span class='ocrx_word' id='word_1_126' title='bbox 1334 1495 1509 1548; x_wconf 90' lang='lat' dir='ltr'><strong>sidera</strong></span> <span class='ocrx_word' id='word_1_127' title='bbox 1548 1497 1744 1565; x_wconf 81' lang='lat' dir='ltr'><strong>pisceS‚</strong></span> 
     </span>
     <span class='ocr_line' id='line_1_24' title="bbox 114 1568 1575 1639; baseline 0.002 -19"><span class='ocrx_word' id='word_1_128' title='bbox 114 1568 289 1637; x_wconf 88' lang='lat' dir='ltr'><strong>pisces</strong></span> <span class='ocrx_word' id='word_1_129' title='bbox 329 1568 634 1639; x_wconf 90' lang='lat' dir='ltr'><strong>Bambycii‚</strong></span> <span class='ocrx_word' id='word_1_130' title='bbox 675 1572 839 1638; x_wconf 86' lang='lat' dir='ltr'><strong>caput</strong></span> <span class='ocrx_word' id='word_1_131' title='bbox 878 1573 1059 1623; x_wconf 91' lang='lat' dir='ltr'><strong>autem</strong></span> <span class='ocrx_word' id='word_1_132' title='bbox 1099 1571 1285 1623; x_wconf 89' lang='lat' dir='ltr'><strong>subter</strong></span> <span class='ocrx_word' id='word_1_133' title='bbox 1323 1570 1575 1639; x_wconf 90' lang='lat' dir='ltr'><strong>equinum</strong></span> 
     </span>
     <span class='ocr_line' id='line_1_25' title="bbox 117 1641 1391 1712; baseline 0.002 -18"><span class='ocrx_word' id='word_1_134' title='bbox 117 1641 605 1696; x_wconf 88' lang='lat' dir='ltr'><strong>Laomedontiadae</strong></span> <span class='ocrx_word' id='word_1_135' title='bbox 645 1661 701 1696; x_wconf 92' lang='lat' dir='ltr'><strong>se</strong></span> <span class='ocrx_word' id='word_1_136' title='bbox 742 1643 930 1696; x_wconf 90' lang='lat' dir='ltr'><strong>dextra</strong></span> <span class='ocrx_word' id='word_1_137' title='bbox 967 1644 1143 1697; x_wconf 89' lang='lat' dir='ltr'><strong>tendit</strong></span> <span class='ocrx_word' id='word_1_138' title='bbox 1183 1644 1391 1712; x_wconf 89' lang='lat' dir='ltr'><strong>ephebi.</strong></span> 
     </span>
     <span class='ocr_line' id='line_1_26' title="bbox 116 1716 1500 1787; baseline 0.001 -19"><span class='ocrx_word' id='word_1_139' title='bbox 116 1716 231 1784; x_wconf 89' lang='lat' dir='ltr'><strong>ipse</strong></span> <span class='ocrx_word' id='word_1_140' title='bbox 271 1716 464 1769; x_wconf 91' lang='lat' dir='ltr'><strong>dehinc</strong></span> <span class='ocrx_word' id='word_1_141' title='bbox 502 1717 695 1787; x_wconf 84' lang='lat' dir='ltr'><strong>longos</strong></span> <span class='ocrx_word' id='word_1_142' title='bbox 735 1717 965 1786; x_wconf 86' lang='lat' dir='ltr'><strong>insignis</strong></span> <span class='ocrx_word' id='word_1_143' title='bbox 1006 1718 1310 1787; x_wconf 90' lang='lat' dir='ltr'><strong>aquarius</strong></span> <span class='ocrx_word' id='word_1_144' title='bbox 1352 1720 1500 1770; x_wconf 89' lang='lat' dir='ltr'><strong>artus</strong></span> 
     </span>
     <span class='ocr_line' id='line_1_27' title="bbox 118 1789 1527 1860; baseline 0.001 -18"><span class='ocrx_word' id='word_1_145' title='bbox 118 1789 301 1843; x_wconf 90' lang='lat' dir='ltr'><strong>adstat</strong></span> <span class='ocrx_word' id='word_1_146' title='bbox 339 1790 406 1843; x_wconf 94' lang='lat' dir='ltr'><strong>ad</strong></span> <span class='ocrx_word' id='word_1_147' title='bbox 443 1791 642 1843; x_wconf 76' lang='lat' dir='ltr'><strong>hirsuti</strong></span> <span class='ocrx_word' id='word_1_148' title='bbox 681 1791 908 1844; x_wconf 90' lang='lat' dir='ltr'><strong>caudam</strong></span> <span class='ocrx_word' id='word_1_149' title='bbox 947 1792 1172 1860; x_wconf 90' lang='lat' dir='ltr'><strong>pulcher</strong></span> <span class='ocrx_word' id='word_1_150' title='bbox 1212 1791 1527 1860; x_wconf 88' lang='lat' dir='ltr'><strong>capricorni.</strong></span> 
     </span>
    </p>
   </div>
   <div class='ocr_carea' id='block_1_11' title="bbox 117 1926 471 1932">
    <p class='ocr_par' dir='ltr' id='par_1_13' title="bbox 117 1926 471 1932">
     <span class='ocr_line' id='line_1_28' title="bbox 117 1926 471 1932; baseline 0 0"><span class='ocrx_word' id='word_1_151' title='bbox 117 1926 471 1932; x_wconf 95' lang='lat' dir='ltr'><strong> </strong></span> 
     </span>
    </p>
   </div>
   <div class='ocr_carea' id='block_1_12' title="bbox 114 2009 1810 2597">
    <p class='ocr_par' dir='ltr' id='par_1_14' title="bbox 114 2009 1809 2597">
     <span class='ocr_line' id='line_1_29' title="bbox 235 2009 1766 2067; baseline 0 -13"><span class='ocrx_word' id='word_1_152' title='bbox 235 2013 320 2054; x_wconf 84' lang='lat'><strong>628</strong></span> <span class='ocrx_word' id='word_1_153' title='bbox 365 2012 580 2067; x_wconf 87' lang='lat' dir='ltr'><strong>tegerent</strong></span> <span class='ocrx_word' id='word_1_154' title='bbox 625 2024 647 2054; x_wconf 88' lang='lat' dir='ltr'><strong>e</strong></span> <span class='ocrx_word' id='word_1_155' title='bbox 687 2011 869 2067; x_wconf 87' lang='lat' dir='ltr'><strong>tegeret</strong></span> <span class='ocrx_word' id='word_1_156' title='bbox 917 2009 1002 2053; x_wconf 93' lang='lat' dir='ltr'><strong>VA</strong></span> <span class='ocrx_word' id='word_1_157' title='bbox 1040 2011 1056 2066; x_wconf 82' lang='grc'><strong>11</strong></span> <span class='ocrx_word' id='word_1_158' title='bbox 1093 2009 1316 2054; x_wconf 86' lang='lat' dir='ltr'><strong>Libethra</strong></span> <span class='ocrx_word' id='word_1_159' title='bbox 1355 2011 1399 2053; x_wconf 99' lang='lat' dir='ltr'><strong><em>A</em></strong></span> <span class='ocrx_word' id='word_1_160' title='bbox 1438 2010 1675 2054; x_wconf 87' lang='lat' dir='ltr'><strong>libenthra</strong></span> <span class='ocrx_word' id='word_1_161' title='bbox 1722 2010 1766 2053; x_wconf 89' lang='lat' dir='ltr'><strong><em>V</em></strong></span> 
     </span>
     <span class='ocr_line' id='line_1_30' title="bbox 114 2068 1804 2126; baseline 0 -13"><span class='ocrx_word' id='word_1_162' title='bbox 114 2070 407 2126; x_wconf 86' lang='lat' dir='ltr'><strong>peremptum</strong></span> <span class='ocrx_word' id='word_1_163' title='bbox 447 2069 491 2112; x_wconf 93' lang='lat' dir='ltr'><strong><em>V</em></strong></span> <span class='ocrx_word' id='word_1_164' title='bbox 515 2069 761 2125; x_wconf 89' lang='lat' dir='ltr'><strong>potentum</strong></span> <span class='ocrx_word' id='word_1_165' title='bbox 794 2070 839 2113; x_wconf 88' lang='lat' dir='ltr'><strong><em>A</em></strong></span> <span class='ocrx_word' id='word_1_166' title='bbox 915 2074 1000 2113; x_wconf 82' lang='lat'><strong>629</strong></span> <span class='ocrx_word' id='word_1_167' title='bbox 1032 2069 1277 2114; x_wconf 87' lang='lat' dir='ltr'><strong>miseratus</strong></span> <span class='ocrx_word' id='word_1_168' title='bbox 1309 2083 1331 2112; x_wconf 85' lang='lat' dir='ltr'><strong>e</strong></span> <span class='ocrx_word' id='word_1_169' title='bbox 1362 2068 1607 2113; x_wconf 83' lang='lat' dir='ltr'><strong>miseratus</strong></span> <span class='ocrx_word' id='word_1_170' title='bbox 1639 2083 1804 2114; x_wconf 72' lang='lat' dir='ltr'><strong>marius</strong></span> 
     </span>
     <span class='ocr_line' id='line_1_31' title="bbox 114 2127 1806 2185; baseline -0.001 -12"><span class='ocrx_word' id='word_1_171' title='bbox 114 2131 146 2173; x_wconf 98' lang='grc'><em>2</em></span> <span class='ocrx_word' id='word_1_172' title='bbox 176 2130 228 2172; x_wconf 78' lang='lat' dir='ltr'><strong>in</strong></span> <span class='ocrx_word' id='word_1_173' title='bbox 257 2142 426 2173; x_wconf 80' lang='lat' dir='ltr'><strong>rasura</strong></span> <span class='ocrx_word' id='word_1_174' title='bbox 458 2127 619 2184; x_wconf 66' lang='lat' dir='ltr'><strong>‘fuisse</strong></span> <span class='ocrx_word' id='word_1_175' title='bbox 643 2133 790 2184; x_wconf 78' lang='lat' dir='ltr'><strong>potest</strong></span> <span class='ocrx_word' id='word_1_176' title='bbox 822 2128 941 2172; x_wconf 88' lang='lat' dir='ltr'><strong>sera’</strong></span> <span class='ocrx_word' id='word_1_177' title='bbox 982 2128 1024 2171; x_wconf 90' lang='lat' dir='ltr'><strong><em>V</em></strong></span> <span class='ocrx_word' id='word_1_178' title='bbox 1050 2128 1245 2171; x_wconf 82' lang='lat' dir='ltr'><strong>miratus</strong></span> <span class='ocrx_word' id='word_1_179' title='bbox 1270 2129 1315 2171; x_wconf 87' lang='lat' dir='ltr'><strong><em>A</em></strong></span> <span class='ocrx_word' id='word_1_180' title='bbox 1386 2134 1470 2173; x_wconf 89' lang='lat'>630</span> <span class='ocrx_word' id='word_1_181' title='bbox 1497 2128 1698 2185; x_wconf 90' lang='lat' dir='ltr'><strong>pecudes</strong></span> <span class='ocrx_word' id='word_1_182' title='bbox 1725 2128 1806 2184; x_wconf 88' lang='lat' dir='ltr'><strong>qui</strong></span> 
     </span>
     <span class='ocr_line' id='line_1_32' title="bbox 115 2186 1805 2244; baseline 0 -13"><span class='ocrx_word' id='word_1_183' title='bbox 115 2202 141 2231; x_wconf 83' lang='lat' dir='ltr'><strong><em>v</em></strong></span> <span class='ocrx_word' id='word_1_184' title='bbox 180 2188 426 2244; x_wconf 88' lang='lat' dir='ltr'><strong>pecudesq.</strong></span> <span class='ocrx_word' id='word_1_185' title='bbox 466 2187 510 2230; x_wconf 92' lang='lat' dir='ltr'><strong><em>V</em></strong></span> <span class='ocrx_word' id='word_1_186' title='bbox 542 2187 835 2244; x_wconf 86' lang='lat' dir='ltr'><strong>pecudesque</strong></span> <span class='ocrx_word' id='word_1_187' title='bbox 874 2186 951 2231; x_wconf 86' lang='lat' dir='ltr'><strong>Ae</strong></span> <span class='ocrx_word' id='word_1_188' title='bbox 1072 2191 1155 2231; x_wconf 89' lang='lat'><strong>631</strong></span> <span class='ocrx_word' id='word_1_189' title='bbox 1197 2187 1387 2231; x_wconf 88' lang='lat' dir='ltr'><strong>flexerat</strong></span> <span class='ocrx_word' id='word_1_190' title='bbox 1428 2187 1469 2230; x_wconf 90' lang='lat' dir='ltr'><strong><em>V</em></strong></span> <span class='ocrx_word' id='word_1_191' title='bbox 1504 2186 1684 2232; x_wconf 89' lang='lat' dir='ltr'><strong>flexerit</strong></span> <span class='ocrx_word' id='word_1_192' title='bbox 1714 2188 1759 2231; x_wconf 91' lang='lat' dir='ltr'><strong><em>A</em></strong></span> <span class='ocrx_word' id='word_1_193' title='bbox 1790 2188 1805 2243; x_wconf 83' lang='grc' dir='ltr'>Η</span> 
     </span>
     <span class='ocr_line' id='line_1_33' title="bbox 117 2245 1807 2303; baseline 0 -13"><span class='ocrx_word' id='word_1_194' title='bbox 117 2259 171 2291; x_wconf 88' lang='lat' dir='ltr'><strong>ac</strong></span> <span class='ocrx_word' id='word_1_195' title='bbox 199 2246 296 2290; x_wconf 85' lang='lat' dir='ltr'><strong>nixi</strong></span> <span class='ocrx_word' id='word_1_196' title='bbox 327 2247 492 2303; x_wconf 76' lang='lat' dir='ltr'><strong>scripsi</strong></span> <span class='ocrx_word' id='word_1_197' title='bbox 522 2245 683 2291; x_wconf 84' lang='lat' dir='ltr'><strong>adnixi</strong></span> <span class='ocrx_word' id='word_1_198' title='bbox 720 2246 804 2290; x_wconf 91' lang='lat' dir='ltr'><strong>VA</strong></span> <span class='ocrx_word' id='word_1_199' title='bbox 835 2246 900 2290; x_wconf 90' lang='lat' dir='ltr'><strong>At</strong></span> <span class='ocrx_word' id='word_1_200' title='bbox 925 2245 1036 2290; x_wconf 87' lang='lat' dir='ltr'><strong>Nixi</strong></span> <span class='ocrx_word' id='word_1_201' title='bbox 1062 2245 1251 2290; x_wconf 79' lang='lat' dir='ltr'><strong>Grotius</strong></span> <span class='ocrx_word' id='word_1_202' title='bbox 1273 2247 1290 2302; x_wconf 82' lang='grc' dir='ltr'><strong>ΙΙ</strong></span> <span class='ocrx_word' id='word_1_203' title='bbox 1312 2247 1456 2302; x_wconf 89' lang='lat' dir='ltr'><strong>ponto</strong></span> <span class='ocrx_word' id='word_1_204' title='bbox 1482 2246 1725 2303; x_wconf 74' lang='lat' dir='ltr'><strong>Hauptius</strong></span> <span class='ocrx_word' id='word_1_205' title='bbox 1750 2247 1807 2300; x_wconf 81' lang='lat' dir='ltr'><strong>cf.</strong></span> 
     </span>
     <span class='ocr_line' id='line_1_34' title="bbox 117 2304 1806 2363; baseline 0.001 -14"><span class='ocrx_word' id='word_1_206' title='bbox 117 2305 304 2350; x_wconf 83' lang='lat' dir='ltr'><strong>Hermes</strong></span> <span class='ocrx_word' id='word_1_207' title='bbox 348 2305 460 2349; x_wconf 89' lang='lat' dir='ltr'><strong>VII</strong></span> <span class='ocrx_word' id='word_1_208' title='bbox 487 2320 539 2363; x_wconf 76' lang='lat' dir='ltr'><strong>p.</strong></span> <span class='ocrx_word' id='word_1_209' title='bbox 580 2308 639 2350; x_wconf 87' lang='lat'>13</span> <span class='ocrx_word' id='word_1_210' title='bbox 676 2319 813 2361; x_wconf 89' lang='lat' dir='ltr'><strong>porro</strong></span> <span class='ocrx_word' id='word_1_211' title='bbox 863 2304 943 2348; x_wconf 87' lang='lat' dir='ltr'><strong>VA</strong></span> <span class='ocrx_word' id='word_1_212' title='bbox 1096 2309 1180 2349; x_wconf 87' lang='lat'><strong>633</strong></span> <span class='ocrx_word' id='word_1_213' title='bbox 1221 2307 1294 2349; x_wconf 87' lang='lat' dir='ltr'><strong>ast</strong></span> <span class='ocrx_word' id='word_1_214' title='bbox 1333 2304 1461 2349; x_wconf 89' lang='lat' dir='ltr'><strong>aliud</strong></span> <span class='ocrx_word' id='word_1_215' title='bbox 1512 2305 1556 2348; x_wconf 93' lang='lat' dir='ltr'><strong><em>V</em></strong></span> <span class='ocrx_word' id='word_1_216' title='bbox 1589 2310 1806 2362; x_wconf 76' lang='lat' dir='ltr'><strong>quattuor</strong></span> 
     </span>
     <span class='ocr_line' id='line_1_35' title="bbox 117 2363 1809 2421; baseline -0.001 -12"><span class='ocrx_word' id='word_1_217' title='bbox 117 2365 372 2409; x_wconf 78' lang='lat' dir='ltr'><strong>litterarum</strong></span> <span class='ocrx_word' id='word_1_218' title='bbox 415 2366 619 2421; x_wconf 78' lang='lat' dir='ltr'><strong>spatium</strong></span> <span class='ocrx_word' id='word_1_219' title='bbox 664 2378 864 2408; x_wconf 80' lang='lat' dir='ltr'><strong>uacuum</strong></span> <span class='ocrx_word' id='word_1_220' title='bbox 902 2364 1090 2420; x_wconf 77' lang='lat' dir='ltr'><strong>praebet</strong></span> <span class='ocrx_word' id='word_1_221' title='bbox 1127 2363 1173 2407; x_wconf 92' lang='lat' dir='ltr'><strong><em>A</em></strong></span> <span class='ocrx_word' id='word_1_222' title='bbox 1207 2366 1222 2421; x_wconf 77' lang='grc' dir='ltr'><strong>ΙΙ</strong></span> <span class='ocrx_word' id='word_1_223' title='bbox 1257 2364 1380 2407; x_wconf 89' lang='lat' dir='ltr'><strong>latus</strong></span> <span class='ocrx_word' id='word_1_224' title='bbox 1427 2364 1472 2406; x_wconf 94' lang='lat' dir='ltr'><strong><em>V</em></strong></span> <span class='ocrx_word' id='word_1_225' title='bbox 1504 2364 1722 2409; x_wconf 84' lang='lat' dir='ltr'><strong>laudatus</strong></span> <span class='ocrx_word' id='word_1_226' title='bbox 1762 2364 1809 2407; x_wconf 94' lang='lat' dir='ltr'><strong><em>A</em></strong></span> 
     </span>
     <span class='ocr_line' id='line_1_36' title="bbox 118 2422 1809 2482; baseline -0.001 -14"><span class='ocrx_word' id='word_1_227' title='bbox 118 2428 205 2468; x_wconf 82' lang='lat'><strong>634</strong></span> <span class='ocrx_word' id='word_1_228' title='bbox 242 2422 453 2467; x_wconf 85' lang='lat' dir='ltr'><strong>tenditur</strong></span> <span class='ocrx_word' id='word_1_229' title='bbox 498 2423 541 2466; x_wconf 92' lang='lat' dir='ltr'><strong><em>V</em></strong></span> <span class='ocrx_word' id='word_1_230' title='bbox 574 2423 786 2467; x_wconf 90' lang='lat' dir='ltr'><strong>tunditur</strong></span> <span class='ocrx_word' id='word_1_231' title='bbox 816 2424 861 2466; x_wconf 95' lang='lat' dir='ltr'><strong><em>A</em></strong></span> <span class='ocrx_word' id='word_1_232' title='bbox 900 2425 915 2477; x_wconf 83' lang='lat' dir='ltr'>ss</span> <span class='ocrx_word' id='word_1_233' title='bbox 953 2423 1055 2478; x_wconf 85' lang='lat' dir='ltr'><strong>lyra</strong></span> <span class='ocrx_word' id='word_1_234' title='bbox 1096 2423 1217 2479; x_wconf 86' lang='lat' dir='ltr'><strong>(lira)</strong></span> <span class='ocrx_word' id='word_1_235' title='bbox 1258 2422 1365 2467; x_wconf 88' lang='lat' dir='ltr'><strong>sede</strong></span> <span class='ocrx_word' id='word_1_236' title='bbox 1407 2422 1451 2464; x_wconf 93' lang='lat' dir='ltr'><strong><em>V</em></strong></span> <span class='ocrx_word' id='word_1_237' title='bbox 1483 2422 1609 2466; x_wconf 87' lang='lat' dir='ltr'><strong>haud</strong></span> <span class='ocrx_word' id='word_1_238' title='bbox 1653 2423 1737 2482; x_wconf 69' lang='lat' dir='ltr'><strong>ede</strong></span> <span class='ocrx_word' id='word_1_239' title='bbox 1763 2423 1809 2466; x_wconf 95' lang='lat' dir='ltr'><strong><em>A</em></strong></span> 
     </span>
     <span class='ocr_line' id='line_1_37' title="bbox 117 2481 1810 2538; baseline -0.001 -12"><span class='ocrx_word' id='word_1_240' title='bbox 117 2497 163 2526; x_wconf 82' lang='lat' dir='ltr'><strong>u.</strong></span> <span class='ocrx_word' id='word_1_241' title='bbox 196 2486 288 2527; x_wconf 87' lang='lat'><strong>636</strong></span> <span class='ocrx_word' id='word_1_242' title='bbox 317 2483 589 2528; x_wconf 80' lang='lat' dir='ltr'><strong>inscribitur</strong></span> <span class='ocrx_word' id='word_1_243' title='bbox 621 2481 861 2526; x_wconf 88' lang='lat' dir='ltr'><strong><em>CYCNVS</em></strong></span> <span class='ocrx_word' id='word_1_244' title='bbox 902 2482 945 2524; x_wconf 95' lang='lat' dir='ltr'><strong><em>V</em></strong></span> <span class='ocrx_word' id='word_1_245' title='bbox 976 2495 1150 2538; x_wconf 86' lang='lat' dir='ltr'><strong>cygnus</strong></span> <span class='ocrx_word' id='word_1_246' title='bbox 1182 2481 1228 2525; x_wconf 93' lang='lat' dir='ltr'><strong><em>A</em></strong></span> <span class='ocrx_word' id='word_1_247' title='bbox 1351 2486 1436 2525; x_wconf 90' lang='lat'><strong>636</strong></span> <span class='ocrx_word' id='word_1_248' title='bbox 1471 2481 1661 2525; x_wconf 83' lang='lat' dir='ltr'><strong>sidereis</strong></span> <span class='ocrx_word' id='word_1_249' title='bbox 1692 2495 1718 2525; x_wconf 89' lang='lat' dir='ltr'><em>v</em></span> <span class='ocrx_word' id='word_1_250' title='bbox 1751 2481 1810 2525; x_wconf 88' lang='lat' dir='ltr'><strong>si-</strong></span> 
     </span>
     <span class='ocr_line' id='line_1_38' title="bbox 120 2540 1808 2597; baseline -0.001 -12"><span class='ocrx_word' id='word_1_251' title='bbox 120 2541 259 2585; x_wconf 90' lang='lat' dir='ltr'><strong>deriis</strong></span> <span class='ocrx_word' id='word_1_252' title='bbox 292 2541 336 2584; x_wconf 91' lang='lat' dir='ltr'><strong><em>V</em></strong></span> <span class='ocrx_word' id='word_1_253' title='bbox 364 2541 571 2597; x_wconf 84' lang='lat' dir='ltr'><strong>sydoniis</strong></span> <span class='ocrx_word' id='word_1_254' title='bbox 596 2542 639 2585; x_wconf 89' lang='lat' dir='ltr'><strong><em>A</em></strong></span> <span class='ocrx_word' id='word_1_255' title='bbox 663 2542 679 2597; x_wconf 85' lang='grc' dir='ltr'><strong>ΙΙ</strong></span> <span class='ocrx_word' id='word_1_256' title='bbox 704 2555 878 2597; x_wconf 87' lang='lat' dir='ltr'><strong>cygnus</strong></span> <span class='ocrx_word' id='word_1_257' title='bbox 903 2542 947 2583; x_wconf 90' lang='lat' dir='ltr'><strong><em>A</em></strong></span> <span class='ocrx_word' id='word_1_258' title='bbox 979 2542 1031 2584; x_wconf 81' lang='lat' dir='ltr'><strong>in</strong></span> <span class='ocrx_word' id='word_1_259' title='bbox 1060 2554 1228 2585; x_wconf 85' lang='lat' dir='ltr'><strong>raswra</strong></span> <span class='ocrx_word' id='word_1_260' title='bbox 1258 2554 1422 2584; x_wconf 75' lang='lat' dir='ltr'><strong>manus</strong></span> <span class='ocrx_word' id='word_1_261' title='bbox 1447 2544 1476 2584; x_wconf 82' lang='lat'><strong><em>2</em></strong></span> <span class='ocrx_word' id='word_1_262' title='bbox 1510 2540 1553 2582; x_wconf 93' lang='lat' dir='ltr'><strong><em>V</em></strong></span> <span class='ocrx_word' id='word_1_263' title='bbox 1612 2545 1695 2584; x_wconf 83' lang='grc'><strong>637</strong></span> <span class='ocrx_word' id='word_1_264' title='bbox 1729 2540 1808 2584; x_wconf 90' lang='lat' dir='ltr'><strong>do-</strong></span> 
     </span>
    </p>
   </div>
   <div class='ocr_carea' id='block_1_13' title="bbox 87 2599 1809 2651">
    <p class='ocr_par' dir='ltr' id='par_1_15' title="bbox 87 2599 1809 2651">
     <span class='ocr_line' id='line_1_39' title="bbox 87 2599 1809 2651; baseline -0.001 -8"><span class='ocrx_word' id='word_1_265' title='bbox 87 2601 256 2651; x_wconf 66' lang='lat' dir='ltr'><strong>‚natus</strong></span> <span class='ocrx_word' id='word_1_266' title='bbox 297 2599 342 2643; x_wconf 95' lang='lat' dir='ltr'><strong><em>V</em></strong></span> <span class='ocrx_word' id='word_1_267' title='bbox 368 2600 570 2645; x_wconf 89' lang='lat' dir='ltr'><strong>Conatus</strong></span> <span class='ocrx_word' id='word_1_268' title='bbox 601 2601 645 2643; x_wconf 91' lang='lat' dir='ltr'><strong><em>A</em></strong></span> <span class='ocrx_word' id='word_1_269' title='bbox 768 2605 851 2643; x_wconf 87' lang='grc'><strong>639</strong></span> <span class='ocrx_word' id='word_1_270' title='bbox 892 2599 985 2643; x_wconf 89' lang='lat' dir='ltr'><strong>his</strong></span> <span class='ocrx_word' id='word_1_271' title='bbox 1006 2599 1050 2641; x_wconf 92' lang='lat' dir='ltr'><strong><em>V</em></strong></span> <span class='ocrx_word' id='word_1_272' title='bbox 1076 2599 1152 2642; x_wconf 89' lang='lat' dir='ltr'><strong>hic</strong></span> <span class='ocrx_word' id='word_1_273' title='bbox 1183 2599 1228 2642; x_wconf 93' lang='lat' dir='ltr'><strong><em>A</em></strong></span> <span class='ocrx_word' id='word_1_274' title='bbox 1351 2603 1437 2643; x_wconf 93' lang='lat'><strong>640</strong></span> <span class='ocrx_word' id='word_1_275' title='bbox 1470 2599 1732 2643; x_wconf 86' lang='lat' dir='ltr'><strong>obscurisue</strong></span> <span class='ocrx_word' id='word_1_276' title='bbox 1765 2600 1809 2642; x_wconf 91' lang='lat' dir='ltr'><strong><em>A</em></strong></span> 
     </span>
    </p>
   </div>
   <div class='ocr_carea' id='block_1_14' title="bbox 119 2656 1812 2893">
    <p class='ocr_par' dir='ltr' id='par_1_16' title="bbox 119 2656 1812 2893">
     <span class='ocr_line' id='line_1_40' title="bbox 119 2656 1809 2709; baseline -0.001 -7"><span class='ocrx_word' id='word_1_277' title='bbox 119 2671 284 2703; x_wconf 74' lang='lat' dir='ltr'><strong>marius</strong></span> <span class='ocrx_word' id='word_1_278' title='bbox 316 2664 342 2703; x_wconf 89' lang='lat'><strong><em>1</em></strong></span> <span class='ocrx_word' id='word_1_279' title='bbox 376 2659 639 2704; x_wconf 86' lang='lat' dir='ltr'><strong>obscurisbe</strong></span> <span class='ocrx_word' id='word_1_280' title='bbox 669 2672 834 2703; x_wconf 70' lang='lat' dir='ltr'><strong>marius</strong></span> <span class='ocrx_word' id='word_1_281' title='bbox 857 2663 889 2703; x_wconf 90' lang='grc'><em>2</em></span> <span class='ocrx_word' id='word_1_282' title='bbox 925 2657 967 2701; x_wconf 93' lang='lat' dir='ltr'><strong><em>V</em></strong></span> <span class='ocrx_word' id='word_1_283' title='bbox 1023 2672 1068 2701; x_wconf 82' lang='lat' dir='ltr'><strong>u.</strong></span> <span class='ocrx_word' id='word_1_284' title='bbox 1096 2662 1184 2702; x_wconf 79' lang='lat'><strong>645</strong></span> <span class='ocrx_word' id='word_1_285' title='bbox 1208 2659 1477 2701; x_wconf 75' lang='lat' dir='ltr'><strong>inscribitur</strong></span> <span class='ocrx_word' id='word_1_286' title='bbox 1501 2656 1809 2709; x_wconf 86' lang='lat' dir='ltr'><strong>AQVARIVS</strong></span> 
     </span>
     <span class='ocr_line' id='line_1_41' title="bbox 127 2716 1812 2775; baseline -0.001 -14"><span class='ocrx_word' id='word_1_287' title='bbox 127 2716 212 2761; x_wconf 94' lang='lat' dir='ltr'><strong>VA</strong></span> <span class='ocrx_word' id='word_1_288' title='bbox 274 2722 359 2762; x_wconf 86' lang='lat'><strong>646</strong></span> <span class='ocrx_word' id='word_1_289' title='bbox 383 2717 626 2775; x_wconf 89' lang='lat' dir='ltr'><strong>Bambycii</strong></span> <span class='ocrx_word' id='word_1_290' title='bbox 651 2717 840 2762; x_wconf 80' lang='lat' dir='ltr'><strong>Grotius</strong></span> <span class='ocrx_word' id='word_1_291' title='bbox 864 2716 1097 2772; x_wconf 89' lang='lat' dir='ltr'><strong>bombycii</strong></span> <span class='ocrx_word' id='word_1_292' title='bbox 1125 2716 1407 2760; x_wconf 87' lang='lat' dir='ltr'><strong>VBombicii</strong></span> <span class='ocrx_word' id='word_1_293' title='bbox 1425 2717 1469 2759; x_wconf 90' lang='lat' dir='ltr'><strong><em>A</em></strong></span> <span class='ocrx_word' id='word_1_294' title='bbox 1531 2721 1616 2760; x_wconf 84' lang='lat'><strong>647</strong></span> <span class='ocrx_word' id='word_1_295' title='bbox 1644 2716 1812 2773; x_wconf 89' lang='lat' dir='ltr'><strong>ephebi</strong></span> 
     </span>
     <span class='ocr_line' id='line_1_42' title="bbox 131 2775 1811 2832; baseline -0.001 -12"><span class='ocrx_word' id='word_1_296' title='bbox 131 2775 175 2819; x_wconf 93' lang='lat' dir='ltr'><strong><em>V</em></strong></span> <span class='ocrx_word' id='word_1_297' title='bbox 201 2776 401 2832; x_wconf 90' lang='lat' dir='ltr'><strong>ephoebi</strong></span> <span class='ocrx_word' id='word_1_298' title='bbox 430 2777 477 2821; x_wconf 86' lang='lat' dir='ltr'><strong><em>A</em></strong></span> <span class='ocrx_word' id='word_1_299' title='bbox 568 2782 652 2822; x_wconf 88' lang='grc'><strong>648</strong></span> <span class='ocrx_word' id='word_1_300' title='bbox 686 2779 812 2820; x_wconf 82' lang='lat' dir='ltr'><strong>artus</strong></span> <span class='ocrx_word' id='word_1_301' title='bbox 854 2776 897 2819; x_wconf 88' lang='lat' dir='ltr'><strong><em>V</em></strong></span> <span class='ocrx_word' id='word_1_302' title='bbox 924 2777 1120 2820; x_wconf 81' lang='lat' dir='ltr'><strong>correxit</strong></span> <span class='ocrx_word' id='word_1_303' title='bbox 1149 2789 1314 2819; x_wconf 72' lang='lat' dir='ltr'><strong>marius</strong></span> <span class='ocrx_word' id='word_1_304' title='bbox 1343 2778 1374 2819; x_wconf 90' lang='grc'><em>2</em></span> <span class='ocrx_word' id='word_1_305' title='bbox 1406 2777 1450 2817; x_wconf 87' lang='grc' dir='ltr'><strong><em>Α</em></strong></span> <span class='ocrx_word' id='word_1_306' title='bbox 1543 2779 1628 2818; x_wconf 86' lang='grc'><strong>649</strong></span> <span class='ocrx_word' id='word_1_307' title='bbox 1662 2775 1811 2832; x_wconf 87' lang='lat' dir='ltr'><strong>capri-</strong></span> 
     </span>
     <span class='ocr_line' id='line_1_43' title="bbox 122 2835 714 2893; baseline 0 -14"><span class='ocrx_word' id='word_1_308' title='bbox 122 2835 250 2879; x_wconf 88' lang='lat' dir='ltr'><strong>corni</strong></span> <span class='ocrx_word' id='word_1_309' title='bbox 280 2836 325 2879; x_wconf 93' lang='lat' dir='ltr'><strong><em>A</em></strong></span> <span class='ocrx_word' id='word_1_310' title='bbox 359 2835 633 2893; x_wconf 88' lang='lat' dir='ltr'><strong>capricornu</strong></span> <span class='ocrx_word' id='word_1_311' title='bbox 670 2835 714 2879; x_wconf 93' lang='lat' dir='ltr'><strong><em>V</em></strong></span> 
     </span>
    </p>
   </div>
  </div>
 </body>
</html>
