<?xml version="1.0" encoding="UTF-8"?>
<!DOCTYPE html PUBLIC "-//W3C//DTD XHTML 1.0 Transitional//EN"
    "http://www.w3.org/TR/xhtml1/DTD/xhtml1-transitional.dtd">
<html xmlns="http://www.w3.org/1999/xhtml" xml:lang="en" lang="en">
 <head>
  <title>
</title>
<meta http-equiv="Content-Type" content="text/html;charset=utf-8" />
  <meta name='ocr-system' content='tesseract 3.04.00' />
  <meta name='ocr-capabilities' content='ocr_page ocr_carea ocr_par ocr_line ocrx_word'/>
</head>
<body>
  <div class='ocr_page' id='page_1' title='image "./phaedriaugustili00phaeuoft_0245.png"; bbox 0 0 1940 3072; ppageno 0'>
   <div class='ocr_carea' id='block_1_1' title="bbox 13 243 60 284">
    <p class='ocr_par' dir='ltr' id='par_1_1' title="bbox 13 243 60 284">
     <span class='ocr_line' id='line_1_1' title="bbox 13 243 60 284; baseline 0 0"><span class='ocrx_word' id='word_1_1' title='bbox 13 243 60 284; x_wconf 83' lang='lat'>30</span> 
     </span>
    </p>
   </div>
   <div class='ocr_carea' id='block_1_2' title="bbox 756 114 1115 166">
    <p class='ocr_par' dir='ltr' id='par_1_2' title="bbox 756 114 1115 166">
     <span class='ocr_line' id='line_1_2' title="bbox 756 114 1115 166; baseline 0.003 -16"><span class='ocrx_word' id='word_1_2' title='bbox 756 114 1115 166; x_wconf 73' lang='lat'>—21—</span> 
     </span>
    </p>
   </div>
   <div class='ocr_carea' id='block_1_3' title="bbox 86 230 1683 1558">
    <p class='ocr_par' dir='ltr' id='par_1_3' title="bbox 90 230 1683 820">
     <span class='ocr_line' id='line_1_3' title="bbox 93 230 1569 302; baseline 0.003 -20"><span class='ocrx_word' id='word_1_3' title='bbox 93 230 186 283; x_wconf 92' lang='lat' dir='ltr'>sed</span> <span class='ocrx_word' id='word_1_4' title='bbox 224 247 334 283; x_wconf 93' lang='lat' dir='ltr'>non</span> <span class='ocrx_word' id='word_1_5' title='bbox 372 232 428 283; x_wconf 91' lang='lat' dir='ltr'>et</span> <span class='ocrx_word' id='word_1_6' title='bbox 465 230 630 299; x_wconf 90' lang='lat' dir='ltr'>capiti</span> <span class='ocrx_word' id='word_1_7' title='bbox 668 230 859 284; x_wconf 89' lang='lat' dir='ltr'>similis</span> <span class='ocrx_word' id='word_1_8' title='bbox 898 231 1065 285; x_wconf 91' lang='lat' dir='ltr'>rubor</span> <span class='ocrx_word' id='word_1_9' title='bbox 1101 231 1328 302; x_wconf 87' lang='lat' dir='ltr'>ipsaque</span> <span class='ocrx_word' id='word_1_10' title='bbox 1366 232 1569 302; x_wconf 76' lang='grc'>00111111,</span> 
     </span>
     <span class='ocr_line' id='line_1_4' title="bbox 92 304 1472 375; baseline 0.002 -19"><span class='ocrx_word' id='word_1_11' title='bbox 92 304 340 373; x_wconf 90' lang='lat' dir='ltr'>quamuis</span> <span class='ocrx_word' id='word_1_12' title='bbox 378 322 602 373; x_wconf 91' lang='lat' dir='ltr'>procero</span> <span class='ocrx_word' id='word_1_13' title='bbox 643 308 832 375; x_wconf 88' lang='lat' dir='ltr'>surgat</span> <span class='ocrx_word' id='word_1_14' title='bbox 869 305 996 358; x_wconf 90' lang='lat' dir='ltr'>iuba</span> <span class='ocrx_word' id='word_1_15' title='bbox 1034 306 1270 359; x_wconf 86' lang='lat' dir='ltr'>maxima</span> <span class='ocrx_word' id='word_1_16' title='bbox 1309 306 1472 375; x_wconf 91' lang='lat' dir='ltr'>collo,</span> 
     </span>
     <span class='ocr_line' id='line_1_5' title="bbox 90 378 1431 450; baseline 0.002 -20"><span class='ocrx_word' id='word_1_17' title='bbox 90 378 349 448; x_wconf 87' lang='lat' dir='ltr'>languida</span> <span class='ocrx_word' id='word_1_18' title='bbox 387 379 648 432; x_wconf 89' lang='lat' dir='ltr'>marcenti</span> <span class='ocrx_word' id='word_1_19' title='bbox 687 380 779 431; x_wconf 90' lang='lat' dir='ltr'>uix</span> <span class='ocrx_word' id='word_1_20' title='bbox 818 382 901 432; x_wconf 91' lang='lat' dir='ltr'>est</span> <span class='ocrx_word' id='word_1_21' title='bbox 941 380 1252 448; x_wconf 87' lang='lat' dir='ltr'>spectabilis</span> <span class='ocrx_word' id='word_1_22' title='bbox 1291 380 1431 450; x_wconf 83' lang='lat' dir='ltr'>igne.</span> 
     </span>
     <span class='ocr_line' id='line_1_6' title="bbox 90 453 1654 523; baseline 0.001 -19"><span class='ocrx_word' id='word_1_23' title='bbox 90 453 284 505; x_wconf 88' lang='lat' dir='ltr'>ultima</span> <span class='ocrx_word' id='word_1_24' title='bbox 323 470 459 522; x_wconf 88' lang='lat' dir='ltr'>quae</span> <span class='ocrx_word' id='word_1_25' title='bbox 498 456 683 506; x_wconf 90' lang='lat' dir='ltr'>mento</span> <span class='ocrx_word' id='word_1_26' title='bbox 725 471 842 506; x_wconf 89' lang='lat' dir='ltr'>sese</span> <span class='ocrx_word' id='word_1_27' title='bbox 882 454 1137 523; x_wconf 88' lang='lat' dir='ltr'>explicat,</span> <span class='ocrx_word' id='word_1_28' title='bbox 1175 454 1309 506; x_wconf 87' lang='lat' dir='ltr'>haut</span> <span class='ocrx_word' id='word_1_29' title='bbox 1347 455 1523 508; x_wconf 90' lang='lat' dir='ltr'>minor</span> <span class='ocrx_word' id='word_1_30' title='bbox 1561 454 1654 506; x_wconf 89' lang='lat' dir='ltr'>illa</span> 
     </span>
     <span class='ocr_line' id='line_1_7' title="bbox 92 527 1583 597; baseline 0.001 -18"><span class='ocrx_word' id='word_1_31' title='bbox 92 529 346 595; x_wconf 83' lang='lat' dir='ltr'>quattuor</span> <span class='ocrx_word' id='word_1_32' title='bbox 385 529 468 579; x_wconf 90' lang='lat' dir='ltr'>est</span> <span class='ocrx_word' id='word_1_33' title='bbox 504 527 716 596; x_wconf 89' lang='lat' dir='ltr'>primis,</span> <span class='ocrx_word' id='word_1_34' title='bbox 756 546 890 597; x_wconf 89' lang='lat' dir='ltr'>quae</span> <span class='ocrx_word' id='word_1_35' title='bbox 929 528 1157 581; x_wconf 90' lang='lat' dir='ltr'>formam</span> <span class='ocrx_word' id='word_1_36' title='bbox 1197 528 1398 580; x_wconf 90' lang='lat' dir='ltr'>lumine</span> <span class='ocrx_word' id='word_1_37' title='bbox 1439 529 1583 581; x_wconf 91' lang='lat' dir='ltr'>claro</span> 
     </span>
     <span class='ocr_line' id='line_1_8' title="bbox 92 600 1683 672; baseline 0.001 -19"><span class='ocrx_word' id='word_1_38' title='bbox 92 600 391 670; x_wconf 82' lang='lat' dir='ltr'>cornipedis</span> <span class='ocrx_word' id='word_1_39' title='bbox 433 601 706 654; x_wconf 85' lang='lat' dir='ltr'>simulant.</span> <span class='ocrx_word' id='word_1_40' title='bbox 782 620 893 655; x_wconf 89' lang='lat' dir='ltr'>non</span> <span class='ocrx_word' id='word_1_41' title='bbox 933 601 1022 654; x_wconf 93' lang='grc'>1110</span> <span class='ocrx_word' id='word_1_42' title='bbox 1060 620 1229 672; x_wconf 90' lang='lat' dir='ltr'>equus</span> <span class='ocrx_word' id='word_1_43' title='bbox 1267 602 1476 672; x_wconf 88' lang='lat' dir='ltr'>integer</span> <span class='ocrx_word' id='word_1_44' title='bbox 1514 605 1683 671; x_wconf 78' lang='lat' dir='ltr'>artUS,</span> 
     </span>
     <span class='ocr_line' id='line_1_9' title="bbox 90 674 1552 745; baseline 0.001 -18"><span class='ocrx_word' id='word_1_45' title='bbox 90 693 201 727; x_wconf 93' lang='lat' dir='ltr'>non</span> <span class='ocrx_word' id='word_1_46' title='bbox 241 674 544 745; x_wconf 83' lang='lat' dir='ltr'>quadrupes</span> <span class='ocrx_word' id='word_1_47' title='bbox 586 676 733 729; x_wconf 89' lang='lat' dir='ltr'>caelo</span> <span class='ocrx_word' id='word_1_48' title='bbox 775 676 1097 745; x_wconf 74' lang='lat' dir='ltr'>sustollitur,</span> <span class='ocrx_word' id='word_1_49' title='bbox 1137 678 1194 729; x_wconf 88' lang='lat' dir='ltr'>at</span> <span class='ocrx_word' id='word_1_50' title='bbox 1230 677 1389 728; x_wconf 87' lang='lat' dir='ltr'>tenus</span> <span class='ocrx_word' id='word_1_51' title='bbox 1430 677 1552 729; x_wconf 89' lang='lat' dir='ltr'>aluo</span> 
     </span>
     <span class='ocr_line' id='line_1_10' title="bbox 91 748 1442 820; baseline 0.001 -19"><span class='ocrx_word' id='word_1_52' title='bbox 91 748 316 819; x_wconf 88' lang='lat' dir='ltr'>erigitur</span> <span class='ocrx_word' id='word_1_53' title='bbox 354 750 551 819; x_wconf 89' lang='lat' dir='ltr'>media,</span> <span class='ocrx_word' id='word_1_54' title='bbox 591 768 718 802; x_wconf 91' lang='lat' dir='ltr'>nam</span> <span class='ocrx_word' id='word_1_55' title='bbox 758 753 935 802; x_wconf 89' lang='lat' dir='ltr'>cetera</span> <span class='ocrx_word' id='word_1_56' title='bbox 972 767 1111 818; x_wconf 92' lang='lat' dir='ltr'>pone</span> <span class='ocrx_word' id='word_1_57' title='bbox 1149 752 1442 820; x_wconf 77' lang='lat' dir='ltr'>negantur,</span> 
     </span>
    </p>

    <p class='ocr_par' dir='ltr' id='par_1_4' title="bbox 86 823 1603 1338">
     <span class='ocr_line' id='line_1_11' title="bbox 92 823 1595 893; baseline 0.001 -18"><span class='ocrx_word' id='word_1_58' title='bbox 92 825 146 875; x_wconf 92' lang='lat' dir='ltr'>et</span> <span class='ocrx_word' id='word_1_59' title='bbox 186 823 362 893; x_wconf 88' lang='lat' dir='ltr'>quatit</span> <span class='ocrx_word' id='word_1_60' title='bbox 402 823 668 876; x_wconf 87' lang='lat' dir='ltr'>aetherias</span> <span class='ocrx_word' id='word_1_61' title='bbox 708 824 897 892; x_wconf 90' lang='lat' dir='ltr'>primis</span> <span class='ocrx_word' id='word_1_62' title='bbox 937 824 1095 877; x_wconf 90' lang='lat' dir='ltr'>modo</span> <span class='ocrx_word' id='word_1_63' title='bbox 1137 824 1382 876; x_wconf 88' lang='lat' dir='ltr'>cruribus</span> <span class='ocrx_word' id='word_1_64' title='bbox 1423 841 1595 876; x_wconf 82' lang='lat' dir='ltr'>auras,</span> 
     </span>
     <span class='ocr_line' id='line_1_12' title="bbox 90 896 1603 967; baseline 0.001 -18"><span class='ocrx_word' id='word_1_65' title='bbox 90 897 255 966; x_wconf 93' lang='lat' dir='ltr'>hunc,</span> <span class='ocrx_word' id='word_1_66' title='bbox 293 897 435 950; x_wconf 92' lang='lat' dir='ltr'>hunc</span> <span class='ocrx_word' id='word_1_67' title='bbox 475 896 653 951; x_wconf 92' lang='lat' dir='ltr'>Aonio</span> <span class='ocrx_word' id='word_1_68' title='bbox 695 897 967 967; x_wconf 90' lang='lat' dir='ltr'>quondam</span> <span class='ocrx_word' id='word_1_69' title='bbox 1007 900 1308 951; x_wconf 89' lang='lat' dir='ltr'>memorant</span> <span class='ocrx_word' id='word_1_70' title='bbox 1345 896 1603 951; x_wconf 92' lang='lat' dir='ltr'>Helicone</span> 
     </span>
     <span class='ocr_line' id='line_1_13' title="bbox 90 970 1589 1041; baseline 0.001 -18"><span class='ocrx_word' id='word_1_71' title='bbox 90 971 276 1024; x_wconf 91' lang='lat' dir='ltr'>inclita</span> <span class='ocrx_word' id='word_1_72' title='bbox 313 974 440 1041; x_wconf 88' lang='lat' dir='ltr'>post</span> <span class='ocrx_word' id='word_1_73' title='bbox 478 971 673 1040; x_wconf 85' lang='lat' dir='ltr'>Lyciae</span> <span class='ocrx_word' id='word_1_74' title='bbox 712 972 1023 1024; x_wconf 84' lang='lat' dir='ltr'>redeuntem</span> <span class='ocrx_word' id='word_1_75' title='bbox 1063 972 1211 1024; x_wconf 92' lang='lat' dir='ltr'>bella</span> <span class='ocrx_word' id='word_1_76' title='bbox 1251 970 1589 1037; x_wconf 83' lang='lat' dir='ltr'>Chimaerae,</span> 
     </span>
     <span class='ocr_line' id='line_1_14' title="bbox 90 1045 1527 1116; baseline 0 -19"><span class='ocrx_word' id='word_1_77' title='bbox 90 1045 326 1113; x_wconf 84' lang='lat' dir='ltr'>mystica</span> <span class='ocrx_word' id='word_1_78' title='bbox 365 1063 469 1114; x_wconf 89' lang='lat' dir='ltr'>qua</span> <span class='ocrx_word' id='word_1_79' title='bbox 507 1064 668 1116; x_wconf 91' lang='lat' dir='ltr'>rupes</span> <span class='ocrx_word' id='word_1_80' title='bbox 709 1045 881 1098; x_wconf 88' lang='lat' dir='ltr'>doctis</span> <span class='ocrx_word' id='word_1_81' title='bbox 922 1046 1293 1099; x_wconf 87' lang='lat' dir='ltr'>obmurmurat</span> <span class='ocrx_word' id='word_1_82' title='bbox 1333 1047 1527 1115; x_wconf 86' lang='lat' dir='ltr'>antris,</span> 
     </span>
     <span class='ocr_line' id='line_1_15' title="bbox 86 1118 1483 1190; baseline 0.001 -19"><span class='ocrx_word' id='word_1_83' title='bbox 86 1118 377 1171; x_wconf 91' lang='lat' dir='ltr'>herbarum</span> <span class='ocrx_word' id='word_1_84' title='bbox 417 1121 679 1188; x_wconf 84' lang='lat' dir='ltr'>carpsisse</span> <span class='ocrx_word' id='word_1_85' title='bbox 719 1138 900 1172; x_wconf 91' lang='lat' dir='ltr'>comas</span> <span class='ocrx_word' id='word_1_86' title='bbox 942 1124 994 1172; x_wconf 92' lang='lat' dir='ltr'>et</span> <span class='ocrx_word' id='word_1_87' title='bbox 1033 1120 1277 1190; x_wconf 89' lang='lat' dir='ltr'>gramine</span> <span class='ocrx_word' id='word_1_88' title='bbox 1318 1119 1483 1172; x_wconf 92' lang='lat' dir='ltr'>odoro</span> 
     </span>
     <span class='ocr_line' id='line_1_16' title="bbox 92 1193 1513 1263; baseline 0 -17"><span class='ocrx_word' id='word_1_89' title='bbox 92 1193 390 1262; x_wconf 87' lang='lat' dir='ltr'>expleuisse</span> <span class='ocrx_word' id='word_1_90' title='bbox 427 1193 657 1263; x_wconf 88' lang='lat' dir='ltr'>famem,</span> <span class='ocrx_word' id='word_1_91' title='bbox 696 1194 789 1246; x_wconf 92' lang='lat' dir='ltr'>sed</span> <span class='ocrx_word' id='word_1_92' title='bbox 828 1212 948 1246; x_wconf 91' lang='lat' dir='ltr'>cum</span> <span class='ocrx_word' id='word_1_93' title='bbox 988 1194 1104 1246; x_wconf 90' lang='lat' dir='ltr'>sitis</span> <span class='ocrx_word' id='word_1_94' title='bbox 1146 1194 1294 1246; x_wconf 90' lang='lat' dir='ltr'>arida</span> <span class='ocrx_word' id='word_1_95' title='bbox 1332 1193 1513 1247; x_wconf 86' lang='lat' dir='ltr'>fauces</span> 
     </span>
     <span class='ocr_line' id='line_1_17' title="bbox 90 1267 1295 1338; baseline 0.001 -19"><span class='ocrx_word' id='word_1_96' title='bbox 90 1269 271 1319; x_wconf 91' lang='lat' dir='ltr'>ureret</span> <span class='ocrx_word' id='word_1_97' title='bbox 310 1285 370 1320; x_wconf 92' lang='lat' dir='ltr'>ac</span> <span class='ocrx_word' id='word_1_98' title='bbox 409 1268 557 1320; x_wconf 92' lang='lat' dir='ltr'>nullo</span> <span class='ocrx_word' id='word_1_99' title='bbox 598 1270 845 1320; x_wconf 88' lang='lat' dir='ltr'>manaret</span> <span class='ocrx_word' id='word_1_100' title='bbox 884 1285 1080 1338; x_wconf 82' lang='lat' dir='ltr'>gurges</span> <span class='ocrx_word' id='word_1_101' title='bbox 1120 1267 1295 1335; x_wconf 90' lang='lat' dir='ltr'>hiatu,</span> 
     </span>
    </p>

    <p class='ocr_par' dir='ltr' id='par_1_5' title="bbox 89 1341 1441 1411">
     <span class='ocr_line' id='line_1_18' title="bbox 89 1341 1441 1411; baseline 0 -19"><span class='ocrx_word' id='word_1_102' title='bbox 89 1341 321 1393; x_wconf 91' lang='lat' dir='ltr'>inlisisse</span> <span class='ocrx_word' id='word_1_103' title='bbox 360 1341 551 1410; x_wconf 89' lang='lat' dir='ltr'>pedem</span> <span class='ocrx_word' id='word_1_104' title='bbox 596 1370 657 1378; x_wconf 90' lang='lat'>—</span> <span class='ocrx_word' id='word_1_105' title='bbox 703 1359 971 1411; x_wconf 91' lang='lat' dir='ltr'>cornuque</span> <span class='ocrx_word' id='word_1_106' title='bbox 1012 1341 1186 1394; x_wconf 87' lang='lat' dir='ltr'>excita</span> <span class='ocrx_word' id='word_1_107' title='bbox 1224 1343 1441 1409; x_wconf 92' lang='lat' dir='ltr'>repente</span> 
     </span>
    </p>

    <p class='ocr_par' dir='ltr' id='par_1_6' title="bbox 88 1414 1462 1558">
     <span class='ocr_line' id='line_1_19' title="bbox 88 1414 1462 1484; baseline 0.001 -18"><span class='ocrx_word' id='word_1_108' title='bbox 88 1414 256 1482; x_wconf 86' lang='lat' dir='ltr'>lymfa</span> <span class='ocrx_word' id='word_1_109' title='bbox 295 1416 622 1467; x_wconf 90' lang='lat' dir='ltr'>camenalem</span> <span class='ocrx_word' id='word_1_110' title='bbox 660 1415 803 1468; x_wconf 90' lang='lat' dir='ltr'>fudit</span> <span class='ocrx_word' id='word_1_111' title='bbox 840 1416 1028 1483; x_wconf 91' lang='lat' dir='ltr'>procul</span> <span class='ocrx_word' id='word_1_112' title='bbox 1068 1415 1462 1484; x_wconf 89' lang='lat' dir='ltr'>Hippocrenen.</span> 
     </span>
     <span class='ocr_line' id='line_1_20' title="bbox 88 1488 1406 1558; baseline 0 -18"><span class='ocrx_word' id='word_1_113' title='bbox 88 1490 270 1541; x_wconf 90' lang='lat' dir='ltr'>Aones</span> <span class='ocrx_word' id='word_1_114' title='bbox 309 1488 411 1542; x_wconf 92' lang='lat' dir='ltr'>hoc</span> <span class='ocrx_word' id='word_1_115' title='bbox 450 1490 599 1542; x_wconf 90' lang='lat' dir='ltr'>latici</span> <span class='ocrx_word' id='word_1_116' title='bbox 638 1492 935 1558; x_wconf 86' lang='lat' dir='ltr'>posuerunt</span> <span class='ocrx_word' id='word_1_117' title='bbox 970 1507 1168 1542; x_wconf 87' lang='lat' dir='ltr'>nomen</span> <span class='ocrx_word' id='word_1_118' title='bbox 1209 1489 1406 1558; x_wconf 90' lang='lat' dir='ltr'>equino</span> 
     </span>
    </p>
   </div>
   <div class='ocr_carea' id='block_1_4' title="bbox 0 1563 1654 1705">
    <p class='ocr_par' dir='ltr' id='par_1_7' title="bbox 0 1563 1654 1705">
     <span class='ocr_line' id='line_1_21' title="bbox 0 1563 1654 1634; baseline 0.001 -20"><span class='ocrx_word' id='word_1_119' title='bbox 0 1615 1 1634; x_wconf 28' lang='lat'>1</span> <span class='ocrx_word' id='word_1_120' title='bbox 87 1565 350 1631; x_wconf 75' lang='lat' dir='ltr'>pastores,</span> <span class='ocrx_word' id='word_1_121' title='bbox 429 1563 621 1632; x_wconf 88' lang='lat' dir='ltr'>strepit</span> <span class='ocrx_word' id='word_1_122' title='bbox 661 1564 791 1615; x_wconf 89' lang='lat' dir='ltr'>haec</span> <span class='ocrx_word' id='word_1_123' title='bbox 830 1563 1041 1631; x_wconf 91' lang='lat' dir='ltr'>placido</span> <span class='ocrx_word' id='word_1_124' title='bbox 1081 1563 1224 1616; x_wconf 90' lang='lat' dir='ltr'>inter</span> <span class='ocrx_word' id='word_1_125' title='bbox 1265 1581 1396 1615; x_wconf 85' lang='lat' dir='ltr'>saxa</span> <span class='ocrx_word' id='word_1_126' title='bbox 1434 1580 1654 1615; x_wconf 88' lang='lat' dir='ltr'>susurro</span> 
     </span>
     <span class='ocr_line' id='line_1_22' title="bbox 0 1635 1520 1705; baseline 0.001 -18"><span class='ocrx_word' id='word_1_127' title='bbox 0 1642 1 1685; x_wconf 61' lang='grc' dir='ltr'>ἔ</span> <span class='ocrx_word' id='word_1_128' title='bbox 90 1636 262 1705; x_wconf 91' lang='lat' dir='ltr'>adque</span> <span class='ocrx_word' id='word_1_129' title='bbox 301 1635 559 1689; x_wconf 90' lang='lat' dir='ltr'>Helicone</span> <span class='ocrx_word' id='word_1_130' title='bbox 599 1637 793 1689; x_wconf 90' lang='lat' dir='ltr'>cadens</span> <span class='ocrx_word' id='word_1_131' title='bbox 835 1655 950 1690; x_wconf 88' lang='lat' dir='ltr'>sese</span> <span class='ocrx_word' id='word_1_132' title='bbox 992 1637 1298 1690; x_wconf 89' lang='lat' dir='ltr'>sitientibus</span> <span class='ocrx_word' id='word_1_133' title='bbox 1337 1636 1520 1689; x_wconf 86' lang='lat' dir='ltr'>herbis</span> 
     </span>
    </p>
   </div>
   <div class='ocr_carea' id='block_1_5' title="bbox 0 1722 60 1764">
    <p class='ocr_par' dir='ltr' id='par_1_8' title="bbox 0 1722 60 1764">
     <span class='ocr_line' id='line_1_23' title="bbox 0 1722 60 1764; baseline -0.017 0"><span class='ocrx_word' id='word_1_134' title='bbox 0 1722 60 1764; x_wconf 63' lang='grc'>100</span> 
     </span>
    </p>
   </div>
   <div class='ocr_carea' id='block_1_6' title="bbox 92 1709 1568 1927">
    <p class='ocr_par' dir='ltr' id='par_1_9' title="bbox 92 1709 1568 1927">
     <span class='ocr_line' id='line_1_24' title="bbox 93 1709 1456 1781; baseline -0.001 -19"><span class='ocrx_word' id='word_1_135' title='bbox 93 1710 304 1775; x_wconf 89' lang='lat' dir='ltr'>inserit,</span> <span class='ocrx_word' id='word_1_136' title='bbox 345 1709 608 1763; x_wconf 87' lang='lat' dir='ltr'>Ascraeas</span> <span class='ocrx_word' id='word_1_137' title='bbox 649 1711 816 1763; x_wconf 91' lang='lat' dir='ltr'>donec</span> <span class='ocrx_word' id='word_1_138' title='bbox 854 1728 994 1780; x_wconf 89' lang='lat' dir='ltr'>uaga</span> <span class='ocrx_word' id='word_1_139' title='bbox 1033 1711 1246 1781; x_wconf 85' lang='lat' dir='ltr'>gurgite</span> <span class='ocrx_word' id='word_1_140' title='bbox 1286 1710 1456 1763; x_wconf 89' lang='lat' dir='ltr'>ualles</span> 
     </span>
     <span class='ocr_line' id='line_1_25' title="bbox 92 1783 1530 1854; baseline 0 -18"><span class='ocrx_word' id='word_1_141' title='bbox 92 1783 343 1837; x_wconf 89' lang='lat' dir='ltr'>uiuificet.</span> <span class='ocrx_word' id='word_1_142' title='bbox 420 1784 565 1854; x_wconf 90' lang='lat' dir='ltr'>rigat</span> <span class='ocrx_word' id='word_1_143' title='bbox 602 1784 705 1837; x_wconf 91' lang='lat' dir='ltr'>hac</span> <span class='ocrx_word' id='word_1_144' title='bbox 746 1784 955 1837; x_wconf 88' lang='lat' dir='ltr'>animas</span> <span class='ocrx_word' id='word_1_145' title='bbox 996 1788 1049 1837; x_wconf 88' lang='lat' dir='ltr'>et</span> <span class='ocrx_word' id='word_1_146' title='bbox 1086 1785 1323 1854; x_wconf 88' lang='lat' dir='ltr'>Thespia</span> <span class='ocrx_word' id='word_1_147' title='bbox 1361 1784 1530 1852; x_wconf 90' lang='lat' dir='ltr'>pubes</span> 
     </span>
     <span class='ocr_line' id='line_1_26' title="bbox 93 1857 1568 1927; baseline 0 -17"><span class='ocrx_word' id='word_1_148' title='bbox 93 1876 304 1926; x_wconf 90' lang='lat' dir='ltr'>semper</span> <span class='ocrx_word' id='word_1_149' title='bbox 344 1860 398 1909; x_wconf 91' lang='lat' dir='ltr'>et</span> <span class='ocrx_word' id='word_1_150' title='bbox 435 1858 491 1910; x_wconf 93' lang='lat' dir='ltr'>in</span> <span class='ocrx_word' id='word_1_151' title='bbox 530 1858 717 1911; x_wconf 88' lang='lat' dir='ltr'>latices</span> <span class='ocrx_word' id='word_1_152' title='bbox 755 1858 933 1910; x_wconf 90' lang='lat' dir='ltr'>inhiat</span> <span class='ocrx_word' id='word_1_153' title='bbox 972 1876 1102 1927; x_wconf 89' lang='lat' dir='ltr'>gens</span> <span class='ocrx_word' id='word_1_154' title='bbox 1140 1859 1308 1910; x_wconf 88' lang='lat' dir='ltr'>fontis</span> <span class='ocrx_word' id='word_1_155' title='bbox 1349 1857 1568 1910; x_wconf 87' lang='lat' dir='ltr'>alumni.</span> 
     </span>
    </p>
   </div>
   <div class='ocr_carea' id='block_1_7' title="bbox 6 1932 1354 1998">
    <p class='ocr_par' dir='ltr' id='par_1_10' title="bbox 6 1932 1354 1998">
     <span class='ocr_line' id='line_1_27' title="bbox 6 1932 1354 1998; baseline -0.001 -14"><span class='ocrx_word' id='word_1_156' title='bbox 6 1981 14 1998; x_wconf 83' lang='lat'>·.</span> <span class='ocrx_word' id='word_1_157' title='bbox 94 1934 180 1984; x_wconf 90' lang='lat' dir='ltr'>ast</span> <span class='ocrx_word' id='word_1_158' title='bbox 220 1949 342 1984; x_wconf 88' lang='lat' dir='ltr'>ecus</span> <span class='ocrx_word' id='word_1_159' title='bbox 383 1932 590 1985; x_wconf 89' lang='lat' dir='ltr'>alterno</span> <span class='ocrx_word' id='word_1_160' title='bbox 630 1932 769 1984; x_wconf 92' lang='lat' dir='ltr'>redit</span> <span class='ocrx_word' id='word_1_161' title='bbox 806 1932 948 1984; x_wconf 89' lang='lat' dir='ltr'>inter</span> <span class='ocrx_word' id='word_1_162' title='bbox 988 1933 1164 1985; x_wconf 90' lang='lat' dir='ltr'>sidera</span> <span class='ocrx_word' id='word_1_163' title='bbox 1204 1934 1354 1984; x_wconf 94' lang='lat' dir='ltr'>motu</span> 
     </span>
    </p>
   </div>
   <div class='ocr_carea' id='block_1_8' title="bbox 1 2092 60 2132">
    <p class='ocr_par' dir='ltr' id='par_1_11' title="bbox 1 2092 60 2132">
     <span class='ocr_line' id='line_1_28' title="bbox 1 2092 60 2132; baseline 0 0"><span class='ocrx_word' id='word_1_164' title='bbox 1 2092 60 2132; x_wconf 78' lang='lat'>05</span> 
     </span>
    </p>
   </div>
   <div class='ocr_carea' id='block_1_9' title="bbox 93 2004 1612 2223">
    <p class='ocr_par' dir='ltr' id='par_1_12' title="bbox 93 2004 1612 2223">
     <span class='ocr_line' id='line_1_29' title="bbox 95 2004 1576 2075; baseline -0.001 -17"><span class='ocrx_word' id='word_1_165' title='bbox 95 2004 398 2075; x_wconf 84' lang='lat' dir='ltr'>Oceanique</span> <span class='ocrx_word' id='word_1_166' title='bbox 438 2006 551 2059; x_wconf 91' lang='lat' dir='ltr'>salo</span> <span class='ocrx_word' id='word_1_167' title='bbox 592 2010 755 2075; x_wconf 87' lang='lat' dir='ltr'>caput</span> <span class='ocrx_word' id='word_1_168' title='bbox 795 2006 1003 2058; x_wconf 88' lang='lat' dir='ltr'>exserit.</span> <span class='ocrx_word' id='word_1_169' title='bbox 1079 2005 1214 2058; x_wconf 89' lang='lat' dir='ltr'>haut</span> <span class='ocrx_word' id='word_1_170' title='bbox 1251 2005 1351 2058; x_wconf 88' lang='lat' dir='ltr'>tibi</span> <span class='ocrx_word' id='word_1_171' title='bbox 1390 2004 1576 2074; x_wconf 91' lang='lat' dir='ltr'>magni</span> 
     </span>
     <span class='ocr_line' id='line_1_30' title="bbox 93 2079 1296 2149; baseline 0 -18"><span class='ocrx_word' id='word_1_172' title='bbox 93 2097 221 2132; x_wconf 91' lang='lat' dir='ltr'>cura</span> <span class='ocrx_word' id='word_1_173' title='bbox 259 2080 462 2132; x_wconf 89' lang='lat' dir='ltr'>laboris</span> <span class='ocrx_word' id='word_1_174' title='bbox 503 2079 604 2131; x_wconf 91' lang='lat' dir='ltr'>erit</span> <span class='ocrx_word' id='word_1_175' title='bbox 642 2081 787 2132; x_wconf 87' lang='lat' dir='ltr'>caelo</span> <span class='ocrx_word' id='word_1_176' title='bbox 829 2082 1071 2149; x_wconf 88' lang='lat' dir='ltr'>spectare</span> <span class='ocrx_word' id='word_1_177' title='bbox 1113 2097 1296 2132; x_wconf 88' lang='lat' dir='ltr'>sereno</span> 
     </span>
     <span class='ocr_line' id='line_1_31' title="bbox 93 2152 1612 2223; baseline -0.001 -18"><span class='ocrx_word' id='word_1_178' title='bbox 93 2153 453 2222; x_wconf 88' lang='lat' dir='ltr'>cornipedem,</span> <span class='ocrx_word' id='word_1_179' title='bbox 492 2154 658 2207; x_wconf 57' lang='lat' dir='ltr'>micat</span> <span class='ocrx_word' id='word_1_180' title='bbox 697 2154 790 2205; x_wconf 92' lang='lat' dir='ltr'>ille</span> <span class='ocrx_word' id='word_1_181' title='bbox 828 2154 1014 2223; x_wconf 91' lang='lat' dir='ltr'>procul</span> <span class='ocrx_word' id='word_1_182' title='bbox 1053 2153 1410 2222; x_wconf 87' lang='lat' dir='ltr'>flagrantibus</span> <span class='ocrx_word' id='word_1_183' title='bbox 1451 2152 1612 2204; x_wconf 88' lang='lat' dir='ltr'>astris</span> 
     </span>
    </p>
   </div>
   <div class='ocr_carea' id='block_1_10' title="bbox 93 2226 1322 2296">
    <p class='ocr_par' dir='ltr' id='par_1_13' title="bbox 93 2226 1322 2296">
     <span class='ocr_line' id='line_1_32' title="bbox 93 2226 1322 2296; baseline 0 -18"><span class='ocrx_word' id='word_1_184' title='bbox 93 2229 146 2279; x_wconf 90' lang='lat' dir='ltr'>et</span> <span class='ocrx_word' id='word_1_185' title='bbox 185 2226 402 2295; x_wconf 88' lang='lat' dir='ltr'>perfusa</span> <span class='ocrx_word' id='word_1_186' title='bbox 439 2245 625 2280; x_wconf 91' lang='lat' dir='ltr'>recens</span> <span class='ocrx_word' id='word_1_187' title='bbox 667 2227 845 2279; x_wconf 91' lang='lat' dir='ltr'>educit</span> <span class='ocrx_word' id='word_1_188' title='bbox 882 2230 1101 2296; x_wconf 88' lang='lat' dir='ltr'>pectora</span> <span class='ocrx_word' id='word_1_189' title='bbox 1139 2230 1322 2295; x_wconf 89' lang='lat' dir='ltr'>ponto.</span> 
     </span>
    </p>
   </div>
   <div class='ocr_carea' id='block_1_11' title="bbox 167 2299 1560 2370">
    <p class='ocr_par' dir='ltr' id='par_1_14' title="bbox 167 2299 1560 2370">
     <span class='ocr_line' id='line_1_33' title="bbox 167 2299 1560 2370; baseline -0.001 -18"><span class='ocrx_word' id='word_1_190' title='bbox 167 2299 307 2353; x_wconf 85' lang='lat' dir='ltr'>Tum</span> <span class='ocrx_word' id='word_1_191' title='bbox 347 2301 486 2353; x_wconf 91' lang='lat' dir='ltr'>celer</span> <span class='ocrx_word' id='word_1_192' title='bbox 525 2301 616 2353; x_wconf 92' lang='lat' dir='ltr'>ille</span> <span class='ocrx_word' id='word_1_193' title='bbox 656 2301 846 2369; x_wconf 89' lang='lat' dir='ltr'>aries,</span> <span class='ocrx_word' id='word_1_194' title='bbox 885 2301 1033 2370; x_wconf 88' lang='lat' dir='ltr'>longi</span> <span class='ocrx_word' id='word_1_195' title='bbox 1074 2301 1164 2369; x_wconf 90' lang='lat' dir='ltr'>qui</span> <span class='ocrx_word' id='word_1_196' title='bbox 1204 2300 1390 2352; x_wconf 88' lang='lat' dir='ltr'>limitis</span> <span class='ocrx_word' id='word_1_197' title='bbox 1432 2300 1560 2352; x_wconf 93' lang='lat' dir='ltr'>orbe</span> 
     </span>
    </p>
   </div>
   <div class='ocr_carea' id='block_1_12' title="bbox 91 2391 265 2395">
    <p class='ocr_par' dir='ltr' id='par_1_15' title="bbox 91 2391 265 2395">
     <span class='ocr_line' id='line_1_34' title="bbox 91 2391 265 2395; baseline 0 0"><span class='ocrx_word' id='word_1_198' title='bbox 91 2391 265 2395; x_wconf 95' lang='lat' dir='ltr'> </span> 
     </span>
    </p>
   </div>
   <div class='ocr_carea' id='block_1_13' title="bbox 92 2474 1784 2872">
    <p class='ocr_par' dir='ltr' id='par_1_16' title="bbox 92 2474 1784 2872">
     <span class='ocr_line' id='line_1_35' title="bbox 94 2474 1784 2532; baseline -0.001 -14"><span class='ocrx_word' id='word_1_199' title='bbox 94 2474 139 2518; x_wconf 89' lang='lat' dir='ltr'><strong><em>A</em></strong></span> <span class='ocrx_word' id='word_1_200' title='bbox 180 2476 337 2532; x_wconf 85' lang='lat' dir='ltr'>surget</span> <span class='ocrx_word' id='word_1_201' title='bbox 377 2474 420 2517; x_wconf 92' lang='lat' dir='ltr'><em>V</em></span> <span class='ocrx_word' id='word_1_202' title='bbox 568 2480 653 2519; x_wconf 88' lang='lat'>483</span> <span class='ocrx_word' id='word_1_203' title='bbox 693 2475 809 2519; x_wconf 90' lang='lat' dir='ltr'>haut</span> <span class='ocrx_word' id='word_1_204' title='bbox 846 2475 1024 2519; x_wconf 76' lang='lat' dir='ltr'>correxi</span> <span class='ocrx_word' id='word_1_205' title='bbox 1063 2477 1144 2518; x_wconf 86' lang='lat' dir='ltr'>aut</span> <span class='ocrx_word' id='word_1_206' title='bbox 1184 2474 1227 2517; x_wconf 91' lang='lat' dir='ltr'><strong><em>V</em></strong></span> <span class='ocrx_word' id='word_1_207' title='bbox 1260 2474 1387 2518; x_wconf 84' lang='lat' dir='ltr'>haud</span> <span class='ocrx_word' id='word_1_208' title='bbox 1418 2474 1463 2517; x_wconf 91' lang='lat' dir='ltr'><strong><em>A</em></strong></span> <span class='ocrx_word' id='word_1_209' title='bbox 1615 2478 1701 2517; x_wconf 87' lang='grc'>486</span> <span class='ocrx_word' id='word_1_210' title='bbox 1734 2475 1784 2517; x_wconf 85' lang='lat' dir='ltr'>at</span> 
     </span>
     <span class='ocr_line' id='line_1_36' title="bbox 93 2532 1782 2578; baseline -0.002 0"><span class='ocrx_word' id='word_1_211' title='bbox 93 2533 282 2578; x_wconf 77' lang='lat' dir='ltr'>Grotius</span> <span class='ocrx_word' id='word_1_212' title='bbox 321 2534 367 2577; x_wconf 89' lang='lat' dir='ltr'>et</span> <span class='ocrx_word' id='word_1_213' title='bbox 408 2534 493 2577; x_wconf 92' lang='lat' dir='ltr'>VA</span> <span class='ocrx_word' id='word_1_214' title='bbox 637 2539 722 2578; x_wconf 81' lang='lat'>487</span> <span class='ocrx_word' id='word_1_215' title='bbox 756 2548 863 2578; x_wconf 87' lang='lat' dir='ltr'>nam</span> <span class='ocrx_word' id='word_1_216' title='bbox 895 2533 1084 2577; x_wconf 69' lang='lat' dir='ltr'>Grotius</span> <span class='ocrx_word' id='word_1_217' title='bbox 1114 2533 1208 2577; x_wconf 87' lang='lat' dir='ltr'>iam</span> <span class='ocrx_word' id='word_1_218' title='bbox 1250 2533 1334 2576; x_wconf 91' lang='lat' dir='ltr'>VA</span> <span class='ocrx_word' id='word_1_219' title='bbox 1478 2537 1563 2576; x_wconf 88' lang='grc'>491</span> <span class='ocrx_word' id='word_1_220' title='bbox 1599 2532 1782 2576; x_wconf 89' lang='lat' dir='ltr'>obmur-</span> 
     </span>
     <span class='ocr_line' id='line_1_37' title="bbox 92 2590 1780 2637; baseline -0.001 -2"><span class='ocrx_word' id='word_1_221' title='bbox 92 2594 246 2636; x_wconf 84' lang='lat' dir='ltr'>murat</span> <span class='ocrx_word' id='word_1_222' title='bbox 298 2597 402 2636; x_wconf 79' lang='lat' dir='ltr'>ante</span> <span class='ocrx_word' id='word_1_223' title='bbox 454 2607 670 2637; x_wconf 74' lang='lat' dir='ltr'>rasuram</span> <span class='ocrx_word' id='word_1_224' title='bbox 722 2606 885 2637; x_wconf 76' lang='lat' dir='ltr'>manus</span> <span class='ocrx_word' id='word_1_225' title='bbox 919 2597 944 2636; x_wconf 90' lang='lat'><strong><em>1</em></strong></span> <span class='ocrx_word' id='word_1_226' title='bbox 1002 2592 1044 2635; x_wconf 93' lang='lat' dir='ltr'><strong><em>V</em></strong></span> <span class='ocrx_word' id='word_1_227' title='bbox 1092 2594 1370 2636; x_wconf 77' lang='lat' dir='ltr'>imurmurat</span> <span class='ocrx_word' id='word_1_228' title='bbox 1414 2605 1578 2635; x_wconf 79' lang='lat' dir='ltr'>‘manus</span> <span class='ocrx_word' id='word_1_229' title='bbox 1609 2596 1640 2636; x_wconf 80' lang='lat'><em>2</em></span> <span class='ocrx_word' id='word_1_230' title='bbox 1695 2590 1780 2634; x_wconf 89' lang='lat' dir='ltr'>VA</span> 
     </span>
     <span class='ocr_line' id='line_1_38' title="bbox 95 2649 1782 2709; baseline -0.002 -14"><span class='ocrx_word' id='word_1_231' title='bbox 95 2655 178 2695; x_wconf 80' lang='lat'>592</span> <span class='ocrx_word' id='word_1_232' title='bbox 205 2649 427 2708; x_wconf 84' lang='lat' dir='ltr'>carpsisse</span> <span class='ocrx_word' id='word_1_233' title='bbox 452 2652 498 2695; x_wconf 92' lang='lat' dir='ltr'><strong><em>A</em></strong></span> <span class='ocrx_word' id='word_1_234' title='bbox 522 2651 777 2709; x_wconf 83' lang='lat' dir='ltr'>carpspisse</span> <span class='ocrx_word' id='word_1_235' title='bbox 808 2651 852 2695; x_wconf 92' lang='lat' dir='ltr'><strong><em>V</em></strong></span> <span class='ocrx_word' id='word_1_236' title='bbox 869 2653 884 2707; x_wconf 83' lang='grc' dir='ltr'>ΙΙ</span> <span class='ocrx_word' id='word_1_237' title='bbox 909 2650 1052 2696; x_wconf 88' lang='lat' dir='ltr'>odoro</span> <span class='ocrx_word' id='word_1_238' title='bbox 1077 2665 1189 2696; x_wconf 85' lang='lat' dir='ltr'>corr.</span> <span class='ocrx_word' id='word_1_239' title='bbox 1226 2651 1269 2694; x_wconf 93' lang='lat' dir='ltr'><strong><em>V</em></strong></span> <span class='ocrx_word' id='word_1_240' title='bbox 1289 2651 1430 2694; x_wconf 90' lang='lat' dir='ltr'>odore</span> <span class='ocrx_word' id='word_1_241' title='bbox 1447 2651 1492 2693; x_wconf 90' lang='lat' dir='ltr'><strong><em>A</em></strong></span> <span class='ocrx_word' id='word_1_242' title='bbox 1558 2654 1643 2694; x_wconf 86' lang='grc'>496</span> <span class='ocrx_word' id='word_1_243' title='bbox 1668 2649 1782 2706; x_wconf 90' lang='lat' dir='ltr'>Hip-</span> 
     </span>
     <span class='ocr_line' id='line_1_39' title="bbox 93 2708 1783 2772; baseline -0.001 -19"><span class='ocrx_word' id='word_1_244' title='bbox 93 2723 325 2766; x_wconf 89' lang='lat' dir='ltr'>pocrenen</span> <span class='ocrx_word' id='word_1_245' title='bbox 341 2711 385 2753; x_wconf 91' lang='lat' dir='ltr'><strong><em>A</em></strong></span> <span class='ocrx_word' id='word_1_246' title='bbox 404 2709 707 2772; x_wconf 60' lang='lat' dir='ltr'>Hippcrenen</span> <span class='ocrx_word' id='word_1_247' title='bbox 730 2710 774 2753; x_wconf 96' lang='lat' dir='ltr'><strong><em>V</em></strong></span> <span class='ocrx_word' id='word_1_248' title='bbox 830 2715 913 2754; x_wconf 67' lang='lat'>2201</span> <span class='ocrx_word' id='word_1_249' title='bbox 939 2709 1147 2754; x_wconf 87' lang='lat' dir='ltr'>uiuificet</span> <span class='ocrx_word' id='word_1_250' title='bbox 1163 2711 1206 2753; x_wconf 89' lang='lat' dir='ltr'><strong><em>A</em></strong></span> <span class='ocrx_word' id='word_1_251' title='bbox 1232 2709 1431 2754; x_wconf 89' lang='lat' dir='ltr'>Vuificet</span> <span class='ocrx_word' id='word_1_252' title='bbox 1464 2708 1507 2751; x_wconf 94' lang='lat' dir='ltr'><strong><em>V</em></strong></span> <span class='ocrx_word' id='word_1_253' title='bbox 1565 2712 1650 2752; x_wconf 88' lang='lat'>503</span> <span class='ocrx_word' id='word_1_254' title='bbox 1676 2722 1783 2752; x_wconf 89' lang='lat' dir='ltr'>ecus</span> 
     </span>
     <span class='ocr_line' id='line_1_40' title="bbox 95 2766 1782 2825; baseline 0 -14"><span class='ocrx_word' id='word_1_255' title='bbox 95 2774 303 2814; x_wconf 78' lang='lat' dir='ltr'>manu-81</span> <span class='ocrx_word' id='word_1_256' title='bbox 347 2769 390 2811; x_wconf 94' lang='lat' dir='ltr'><strong><em>V</em></strong></span> <span class='ocrx_word' id='word_1_257' title='bbox 430 2783 571 2825; x_wconf 85' lang='lat' dir='ltr'>equus</span> <span class='ocrx_word' id='word_1_258' title='bbox 618 2782 781 2814; x_wconf 77' lang='lat' dir='ltr'>manus</span> <span class='ocrx_word' id='word_1_259' title='bbox 804 2772 836 2814; x_wconf 76' lang='lat'><strong><em>2</em></strong></span> <span class='ocrx_word' id='word_1_260' title='bbox 879 2769 963 2812; x_wconf 89' lang='lat' dir='ltr'>VA</span> <span class='ocrx_word' id='word_1_261' title='bbox 1094 2784 1139 2813; x_wconf 78' lang='lat' dir='ltr'>u.</span> <span class='ocrx_word' id='word_1_262' title='bbox 1174 2774 1266 2814; x_wconf 81' lang='lat'>508</span> <span class='ocrx_word' id='word_1_263' title='bbox 1304 2769 1574 2814; x_wconf 73' lang='lat' dir='ltr'>inscribitur</span> <span class='ocrx_word' id='word_1_264' title='bbox 1605 2766 1782 2811; x_wconf 80' lang='lat' dir='ltr'><strong><em>ARIES</em></strong></span> 
     </span>
     <span class='ocr_line' id='line_1_41' title="bbox 105 2827 969 2872; baseline 0.001 -2"><span class='ocrx_word' id='word_1_265' title='bbox 105 2827 190 2870; x_wconf 92' lang='lat' dir='ltr'>VA</span> <span class='ocrx_word' id='word_1_266' title='bbox 310 2831 394 2872; x_wconf 87' lang='lat'>508</span> <span class='ocrx_word' id='word_1_267' title='bbox 427 2827 592 2872; x_wconf 87' lang='lat' dir='ltr'>limitis</span> <span class='ocrx_word' id='word_1_268' title='bbox 634 2829 677 2871; x_wconf 93' lang='lat' dir='ltr'><strong><em>V</em></strong></span> <span class='ocrx_word' id='word_1_269' title='bbox 704 2827 893 2872; x_wconf 88' lang='lat' dir='ltr'>luminis</span> <span class='ocrx_word' id='word_1_270' title='bbox 925 2829 969 2871; x_wconf 92' lang='lat' dir='ltr'><strong><em>A</em></strong></span> 
     </span>
    </p>
   </div>
  </div>
 </body>
</html>
