1940 3072
0 790 138 813 '‘N-..—

139 811 181 821 --x

93 1869 141 1912 [p.
163 1868 216 1911 28]

231 117 301 179 26
446 98 454 102 ’
640 91 643 93 Α
783 110 1264 176 EPI'DHALAMUJM

265 255 320 294 30
345 243 672 312 Dispensent
695 244 824 296 hinc
848 243 971 298 inde
996 243 1164 296 melos
1188 243 1447 311 perflante
1471 243 1683 298 flabello
1818 247 1821 249 ’
1924 243 1930 246 ’

338 313 410 366 Et
435 313 679 382 quatiant
704 313 883 366 dulces
909 313 1096 366 Museo
1122 314 1333 381 pectine
1359 313 1598 382 chordas,
1640 332 1644 333 ⁷

337 384 411 436 Et
435 389 580 436 uocis
605 387 818 436 textura
842 387 998 436 sonet
1019 384 1280 452 neruique
1306 384 1569 452 loquaces,
1649 427 1653 430 .
1849 424 1851 426 -

341 453 626 521 Bybliades
647 452 849 521 Satyris
867 454 1097 523 iungant
1110 453 1162 506 N
1165 452 1845 522 ymphisque‘Hymenaeosl
1886 503 1897 508 „
1913 456 1924 517 J

338 523 411 575 Et
434 523 674 592 Dryades
698 524 897 591 passim
923 527 1115 578 coeant
1137 542 1234 592 per
1257 527 1410 591 prata
1433 523 1485 577 N
1490 524 1684 593 apaeiS‚

258 604 311 643 35
341 593 571 645 Orcadas
595 592 795 646 Faunis
820 594 1049 664 iungant
1074 596 1128 646 et
1151 592 1352 647 Naidas
1377 611 1559 647 amnes

341 663 413 715 Et
438 663 663 716 Bacchis
690 663 932 732 copletur
956 665 1127 715 Amor
1151 682 1247 732 per
1274 667 1445 716 castra
1468 663 1694 732 Dionae,

341 732 511 786 Saltet
536 736 590 785 et
614 734 912 802 imparibus
938 734 1154 786 calamis
1180 734 1296 786 Pan
1323 734 1570 804 corniger
1593 734 1816 803 intranS,

338 803 535 856 Ebrius
558 805 764 856 interea
787 807 942 856 nutet
968 803 1178 856 Silenus
1205 804 1385 872 asello,

345 873 540 926 Oscula
562 877 849 926 nectantur
874 875 1088 927 calamis
1114 875 1320 927 imbuta
1344 874 1537 927 rosatis

258 954 314 994 40
337 942 410 996 Et
433 961 599 996 neruo
628 947 876 996 cantante
903 948 1058 997 sonet
1081 962 1226 996 noua
1249 963 1522 997 murmura
1547 944 1748 1014 lingua,
1805 1000 1808 1004 A

328 1012 607 1066 Morsibus
634 1015 852 1067 alternis
879 1033 1135 1083 suspenso
1164 1015 1320 1067 dente
1346 1015 1610 1083 fruantur,

342 1083 528 1136 Gratia
554 1087 839 1137 uernantes
866 1084 1112 1137 adnectat
1135 1085 1361 1152 pulchra
1387 1085 1613 1152 dolores,

341 1153 499 1206 Casta
524 1153 789 1207 Pudicitia
814 1155 997 1207 stricto
1023 1155 1287 1224 placitura
1310 1155 1503 1207 marito

340 1223 589 1276 Floribus
615 1243 679 1276 ex
704 1226 867 1277 uariis
892 1228 1039 1277 texat
1063 1244 1159 1293 per
1181 1228 1336 1294 prata
1361 1242 1584 1277 coronas

257 1304 314 1343 45
338 1293 477 1346 Lilia
502 1295 670 1346 mixta
694 1296 829 1347 rosis
856 1295 1063 1348 socians
1089 1295 1365 1363 uiolasque
1389 1293 1710 1363 hyacinthiS,

340 1363 608 1432 Purpuret
633 1367 687 1417 et
710 1366 881 1417 niteat
905 1382 1146 1434 gemmae
1172 1366 1407 1433 pallente
1432 1365 1626 1417 rubore

343 1433 673 1502 Sardoasque
699 1435 849 1504 iuget
871 1436 1040 1502 poclis
1068 1435 1409 1488 Sitifensibus
1434 1435 1628 1486 herbis,

343 1502 429 1556 Sic
454 1523 587 1572 puer
611 1504 810 1556 Idalius
835 1506 1119 1572 permiscet
1144 1505 1302 1557 mella
1327 1505 1565 1570 ueneniS‚

342 1573 429 1626 Sic
454 1592 576 1626 rosa
600 1575 852 1626 miscetur
878 1576 1061 1643 spinis,
1087 1575 1350 1627 medicina
1369 1574 1585 1627 cerastis

260 1654 315 1694 50
342 1643 624 1696 Perficitur
649 1645 984 1713 stimulisque
1011 1645 1163 1698 fauos
1189 1647 1306 1713 apis
1333 1645 1473 1697 alma
1497 1648 1703 1696 tuetur:

342 1712 429 1766 Sic
454 1714 545 1782 pia
569 1715 852 1784 uirginitas
879 1734 991 1767 non
1016 1715 1226 1768 tollitur
1252 1718 1376 1767 ante
1413 1714 1634 1783 pudoris

343 1783 630 1853 Unguibus
656 1785 881 1837 infensis
909 1804 1067 1854 quam
1094 1786 1343 1838 uulnerat
1369 1803 1462 1837 ora
1486 1784 1680 1853 mariti,

342 1853 415 1905 Et
437 1856 586 1922 prior
611 1858 734 1907 ante
761 1856 842 1907 sui
869 1856 1065 1908 uindex
1091 1859 1170 1908 est
1194 1856 1310 1924 ipsa
1335 1855 1552 1923 cruoris,

343 1923 420 1976 Ut
446 1925 615 1977 discat
640 1944 814 1978 sacras
840 1926 1068 1979 fecundo
1098 1926 1319 1978 uulnere
1345 1926 1601 1977 flammas,

260 2004 314 2043 55
349 1993 434 2046 Sic
460 1995 598 2046 fiunt
623 1996 799 2048 dulces
825 1997 984 2049 modo
1011 1997 1242 2066 pignora
1267 1995 1462 2047 blanda
1485 1997 1750 2063 parenteS‚

342 2062 416 2116 Et
443 2082 612 2133 genus
638 2065 934 2118 humanum
954 2065 1029 2118 sic
1056 2070 1162 2118 stat
1189 2066 1285 2118 sub
1311 2065 1429 2135 lege
1454 2065 1695 2133 perenni.

343 2134 448 2186 Tot
473 2137 616 2188 bona
633 2136 957 2203 proueniant
978 2137 1187 2205 sponsis
1201 2138 1333 2204 quot
1354 2137 1537 2187 dextra
1554 2136 1840 2203 parentum

351 2348 405 2387 30
436 2360 538 2386 caue
578 2348 741 2387 scribas·
771 2347 954 2389 labello.
999 2351 1094 2389 uide
1133 2351 1308 2389 indicem
1426 2349 1476 2387 31
1512 2346 1674 2386 cordas
1788 2348 1841 2387 33

237 2400 478 2443 Bibliades
578 2404 632 2443 34
663 2404 878 2444 oohibent
980 2406 1033 2445 35
1074 2418 1227 2445 omnes
1260 2417 1372 2443 corr.
1403 2403 1564 2442 Bzceclz.
1682 2403 1735 2443 36
1768 2415 1841 2442 co-

238 2457 423 2509 puletur
471 2459 526 2509 cf.
569 2461 609 2498 d.
650 2461 728 2499 deo
780 2461 798 2499 1
842 2462 923 2501 407
966 2474 1052 2501 cum
1098 2462 1278 2500 Arenata·
1324 2466 1423 2500 nota
1539 2459 1593 2499 38
1644 2459 1842 2506 interea]

239 2516 373 2553 latere
412 2517 698 2560 uidelnrsoei
733 2518 984 2567 sfiqm'sieatlo
1024 2530 1104 2569 quo
1143 2519 1266 2565 nefas
1296 2513 1374 2555 ‘est
1409 2515 1588 2566 prodire
1636 2515 1763 2554 ebriis
1801 2518 1844 2553 et

238 2571 395 2609 asellis.
448 2571 626 2610 interca
666 2580 728 2610 esc
766 2574 877 2612 inter
917 2586 987 2613 eos
1029 2572 1225 2623 (Bneelz.)
1371 2573 1424 2611 40
1466 2565 1691 2621 candente
1732 2570 1846 2622 quod

238 2626 397 2676 scripsi
424 2626 582 2666 Bueelz.
620 2633 846 2678 proposuit
960 2630 1014 2669 45
1046 2629 1239 2676 socians]
1275 2641 1304 2667 n
1340 2629 1466 2667 litera
1505 2630 1739 2666 atramento
1771 2624 1843 2666 ob-

241 2681 368 2719 ducta
405 2689 469 2721 est
502 2681 507 2732 Ι
543 2683 770 2733 hiacyntis
883 2686 936 2724 47
969 2685 1098 2724 iubet
1129 2683 1328 2736 posculis
1359 2683 1438 2722 siti
1474 2680 1681 2722 sensibus
1710 2694 1844 2733 supra

242 2735 316 2773 cul
363 2742 403 2775 et
450 2738 550 2777 fens
588 2740 737 2778 literas
783 2744 825 2779 et
869 2747 965 2780 ante
1010 2753 1172 2780 uersum
1209 2741 1478 2791 corruptelae
1516 2745 1641 2779 notae
1674 2739 1844 2788 positae

239 2797 336 2830 sunt
448 2795 503 2833 48
542 2794 664 2833 bella
696 2808 806 2839 corr,
839 2795 998 2836 Bueclz.
1113 2797 1166 2836 49
1199 2796 1392 2835 cerastis
1423 2808 1536 2838 corr.
1570 2807 1626 2834 ex
1657 2790 1845 2843 ceratijS

297 2848 350 2887 54
384 2846 545 2896 diseat]
578 2851 716 2889 ducat
748 2850 904 2892 Bueelz.
935 2853 1160 2904 proposuit
