1940 3072
60 329 144 370 700

58 697 141 738 705

56 1067 142 1107 710

55 1435 139 1475 715

55 1805 139 1845 720

841 122 1198 175 -30-

179 241 360 294 omnia
398 243 665 293 terrarum
704 257 830 292 mox
867 239 1041 292 flabra
1077 239 1320 309 procacia
1357 241 1590 291 uerrunt.

253 314 391 367 Tum
431 331 626 366 curuus
666 313 889 366 caudam
929 313 1075 366 subit
1112 313 1253 366 inter
1294 312 1471 366 sidera
1509 311 1783 381 delphis,

178 389 304 456 dux,
344 387 620 456 Neptune,
657 387 740 439 tui
780 387 1051 456 quondam
1091 405 1252 457 super
1292 404 1492 456 aequor
1531 386 1746 439 amoris,

175 462 263 514 hic
301 480 429 514 nam
469 461 715 514 detrusae
753 461 812 513 in
849 461 1085 514 latebras
1124 461 1312 531 procul
1351 459 1739 529 Amphitrites,

177 536 372 588 arduus
413 535 661 589 occiduos
700 535 898 588 umeris
939 535 1032 588 ubi
1071 535 1303 588 sustinet
1341 552 1466 587 axes

174 609 454 662 Pleiadum
494 609 734 679 genitor,
771 612 1103 678 perruperat.
1178 609 1267 662 hic
1305 625 1479 678 uagus
1518 607 1664 661 omni

174 683 389 753 gurgite
429 683 679 736 dilectam
719 683 934 737 domino
974 683 1139 736 maris
1178 683 1370 736 ultimo
1411 682 1480 735 ab
1519 681 1648 734 orbe

175 758 355 810 mollis
396 757 555 810 dorsa
593 756 736 810 tulit.
812 758 974 811 breue
1015 757 1172 827 signo
1213 774 1408 826 corpus
1447 756 1506 808 in
1545 755 1706 808 astris

175 834 229 884 et
268 849 426 900 super
467 831 700 884 auritum
738 833 907 900 ponto
949 832 1122 901 surgit
1160 831 1546 899 capricornum.

174 904 262 958 hic
301 905 507 958 medios
549 907 697 957 artus
736 908 911 958 taeter
952 908 1156 974 stupet,
1196 905 1368 958 altera
1405 921 1568 972 porro

174 981 429 1047 quattuor
468 979 726 1031 inlustrat
763 979 1177 1032 facibus.rubor
1216 995 1407 1031 aureus
1448 977 1620 1046 adque

175 1051 259 1105 bis
299 1053 515 1122 gemino
556 1051 787 1105 discreta
826 1053 935 1106 situ
973 1053 1139 1106 micat
1177 1052 1487 1122 ignipotens
1526 1051 1631 1103 lux.

251 1125 466 1195 Omnia,
506 1144 642 1196 quae
683 1127 782 1180 soli
823 1130 876 1179 et
912 1126 1088 1198 rigido
1127 1126 1395 1179 interfusa
1434 1124 1672 1194 aquiloni

174 1199 406 1253 aetheris
445 1200 654 1253 incurui
692 1201 862 1253 moles
902 1204 1048 1255 rotat
1083 1201 1246 1269 inque
1284 1199 1589 1269 frequentes

173 1291 393 1327 occasus
434 1276 686 1343 ortusque
725 1274 897 1328 trahit
935 1275 1242 1328 moderator
1281 1272 1517 1342 Olympi,

174 1350 301 1400 sunt
341 1348 551 1417 digesta
590 1348 739 1401 mihi.
817 1366 952 1418 quae
991 1366 1207 1401 rursum
1245 1347 1419 1400 limite
1460 1346 1698 1415 abusque

174 1439 289 1474 sese
327 1421 661 1491 Hyperionio
701 1422 956 1490 pluuialis
997 1440 1233 1475 concaua
1270 1421 1328 1473 in
1369 1420 1538 1473 austri

173 1494 484 1563 demittunt,
522 1497 755 1548 taetram
795 1496 962 1548 donec
1000 1499 1160 1548 notus
1202 1495 1409 1547 ambiat
1447 1493 1712 1562 aethram,

171 1568 346 1622 dicere
384 1568 647 1622 Romuleo
688 1570 900 1622 conitor
939 1570 1176 1622 carmine
1218 1569 1419 1621 sollers.

246 1641 529 1695 Subtrahit
569 1642 788 1712 obliquo
830 1661 936 1712 qua
976 1661 1092 1696 sese
1132 1643 1362 1696 circulus
1402 1642 1531 1695 orbe

172 1716 398 1785 signifer
439 1735 470 1769 a
511 1717 671 1769 borea
710 1718 871 1786 inque
911 1717 1174 1770 australes
1216 1735 1271 1769 se
1312 1716 1452 1786 gerit
1489 1715 1706 1768 umbras
1718 1757 1732 1784 ,

173 1790 271 1842 sub
312 1790 473 1842 medii
512 1791 621 1843 iam
661 1791 804 1843 mole
843 1791 955 1860 poli
995 1790 1109 1843 fera
1145 1793 1364 1859 pectora
1402 1791 1543 1842 tauri

172 1863 395 1932 suspicit
435 1863 646 1917 Orion.
722 1882 896 1933 neque
937 1864 1219 1934 quisquam
1258 1867 1417 1918 nocte
1458 1881 1646 1916 serena

290 2071 374 2111 699
416 2067 632 2123 procacia
663 2067 710 2111 A
741 2067 955 2125 procatia
995 2068 1038 2111 V
1063 2070 1079 2125 ΙΙ
1109 2070 1301 2112 uerrunt
1330 2068 1376 2111 A
1407 2072 1490 2112 uei
1531 2066 1576 2111 V
1690 2081 1735 2111 u.
1770 2071 1861 2113 700

168 2127 436 2170 inscribitur
466 2125 725 2170 DELPHIS
760 2127 804 2170 V
829 2126 1034 2183 Delphin
1065 2127 1111 2170 A
1143 2125 1325 2184 delphis
1355 2140 1449 2171 non
1481 2126 1673 2183 delphin
1703 2140 1860 2183 marqo

167 2185 213 2228 A
336 2190 419 2228 701
460 2185 676 2242 Neptune
719 2186 763 2229 V
789 2187 1005 2243 Neptune
1036 2186 1081 2229 A
1113 2188 1128 2242 ΙΙ
1167 2199 1339 2242 aequor
1379 2184 1550 2229 amoris
1589 2199 1615 2229 v
1656 2199 1860 2242 aequora

168 2242 309 2287 moris
351 2244 394 2285 V
422 2257 623 2299 aequora
655 2245 826 2288 amoris
857 2245 903 2288 A
999 2249 1083 2288 702
1117 2245 1333 2289 detrusae
1375 2244 1419 2287 V
1445 2245 1656 2289 detrusas
1688 2244 1735 2287 A
1765 2243 1779 2301 Η
1809 2243 1859 2288 in

168 2316 193 2346 v
234 2315 315 2346 om.
359 2302 475 2346 VAe
597 2307 679 2347 703
722 2304 892 2348 arduus
923 2305 968 2347 A
1009 2304 1205 2348 correxit
1245 2303 1289 2347 V
1314 2305 1330 2360 ΙΙ
1364 2304 1535 2347 umeris
1567 2304 1744 2348 correxi
1774 2304 1858 2347 hu-

167 2361 306 2405 meris
332 2361 377 2404 A
402 2362 551 2405 umeri
584 2362 627 2404 V
686 2366 771 2406 704
794 2364 1067 2419 perruperat
1091 2378 1112 2407 e
1134 2362 1407 2419 persuperat
1432 2363 1517 2406 VA
1581 2366 1664 2406 705
1690 2360 1857 2406 ultimo

166 2434 192 2463 v
233 2419 401 2463 ultima
457 2421 541 2463 VA
580 2421 703 2465 ultro
746 2436 767 2465 e
918 2427 1001 2466 707
1053 2422 1373 2478 capricornum
1412 2421 1457 2465 A
1499 2421 1771 2478 capricornu
1819 2420 1862 2463 V

170 2483 254 2523 708
287 2480 438 2523 taeter
480 2480 519 2522 V
547 2479 638 2523 teri
670 2480 715 2522 A
778 2484 863 2524 710
895 2481 1040 2524 micat
1067 2495 1093 2525 v
1126 2481 1314 2538 mitigat
1355 2480 1416 2524 Ve
1447 2480 1551 2524 miti
1582 2481 1627 2523 A
1689 2494 1733 2524 u.
1768 2481 1857 2524 713

168 2538 380 2582 omittunt
421 2538 505 2581 VA
628 2543 713 2582 714
752 2538 867 2582 mihi
908 2552 1027 2595 quae
1059 2539 1103 2582 A
1143 2538 1303 2595 mihiq.
1347 2539 1390 2581 V
1415 2541 1431 2596 ΙΙ
1469 2540 1676 2594 abusque
1717 2538 1761 2582 V
1796 2537 1855 2582 ab

168 2610 310 2653 usque
343 2596 388 2639 A
510 2601 592 2641 715
626 2596 911 2654 Hyperionio
954 2598 996 2640 V
1023 2612 1136 2643 corr.
1161 2599 1207 2641 A
1331 2602 1415 2642 716
1448 2597 1700 2642 demittunt
1729 2610 1755 2640 v
1788 2596 1855 2640 di-

169 2655 363 2699 mittunt
404 2655 518 2699 VAe
624 2670 669 2700 u.
704 2660 795 2702 718
826 2658 1095 2701 inscribitur
1129 2656 1319 2701 ORION
1362 2655 1447 2699 VA
1540 2661 1623 2700 719
1657 2670 1685 2700 a
1715 2655 1855 2699 borea

168 2714 306 2769 inque
340 2714 527 2759 Grotius
564 2713 613 2758 in
652 2715 826 2759 borean
867 2716 910 2758 V
943 2715 990 2759 in
1030 2716 1218 2760 boream
1251 2716 1295 2758 A
1326 2716 1341 2771 ΙΙ
1381 2716 1605 2759 australes
1648 2728 1695 2758 se
1735 2713 1856 2771 gerit

170 2771 358 2816 Grotius
390 2773 591 2818 australe
624 2773 808 2819 sederat
840 2775 924 2817 VA
988 2779 1072 2818 720
1106 2776 1189 2819 sub
1215 2774 1403 2820 Grotius
1434 2778 1487 2818 ut
1519 2774 1604 2818 VA
1667 2779 1748 2818 721
1781 2788 1853 2817 su·

170 2829 309 2886 spicit
350 2831 434 2874 VA
467 2833 524 2885 cf.
558 2832 744 2877 Hermes
780 2833 916 2877 XVI
937 2847 987 2889 p.
1021 2836 1111 2879 127
1141 2847 1187 2877 n.
1220 2837 1282 2878 87
