1940 3072
839 179 1199 232 „75—

168 298 315 350 certa
354 296 465 350 suis
507 297 700 350 studiis
741 297 930 350 adfixit
969 297 1125 367 signa
1162 296 1343 352 futuri.

165 388 398 440 namque
437 374 492 424 et
530 371 650 424 ouis
691 370 884 441 cupido
925 371 971 424 si
1010 372 1258 440 gramina
1296 371 1522 425 tondeat
1561 389 1675 441 ore,

166 445 468 498 insaturata
507 445 637 514 cibi,
677 444 967 515 decerpens
1006 445 1172 498 latius
1212 462 1371 514 agros
1382 486 1395 513 ,

164 521 356 588 pastor
393 518 449 571 id
486 518 743 572 indicium
781 518 1039 588 pluuialis
1078 519 1296 588 frigoris
1338 520 1472 573 edet.

21 605 136 647 1840
167 595 223 646 et
261 593 308 645 si
346 593 652 661 persultans
693 593 832 646 aries
871 592 1128 645 lasciuius
1166 593 1362 646 herbas
1884 609 1940 642 515

166 666 391 735 adpetat
429 670 524 720 aut
561 685 677 720 sese
717 667 1013 720 sustollant
1050 666 1276 720 saltibus
1315 667 1477 720 haedi

164 740 255 793 uel
295 740 341 793 si
380 740 505 811 iuge
545 741 699 811 gregi
737 741 958 810 cupiant
994 740 1214 793 haerere
1245 759 1344 794 nec
1383 760 1612 811 usquam

165 815 432 867 matribus
472 815 768 868 abscedant
806 817 862 867 et
901 815 948 867 si
988 815 1102 867 sine
1140 815 1247 867 fine
1287 815 1554 884 modoque

165 888 366 957 pabula
406 889 667 958 delibent,
709 907 831 942 cum
868 891 1016 942 tutas
1055 906 1247 958 uesper
1286 889 1431 942 adire

20 976 134 1018 1845
168 962 440 1031 conpellat
478 963 658 1016 caulas
666 1005 681 1032 ,
719 962 1101 1017 monstrabunt
1140 963 1323 1016 adfore
1363 963 1592 1016 nimbos,
1885 978 1940 1011 52(

239 1035 428 1090 Bubus
469 1040 651 1090 arator
689 1037 823 1090 item
860 1036 1034 1090 trahit
1071 1039 1223 1090 atrae
1263 1037 1422 1108 signa
1459 1038 1751 1107 procellae,

164 1111 402 1164 lambere
443 1112 488 1164 si
526 1111 715 1181 lingua
753 1111 930 1180 prima
966 1110 1067 1164 hos
1107 1111 1343 1181 uestigia
1381 1111 1521 1164 forte

164 1184 364 1238 uiderit
403 1188 498 1237 aut
535 1185 781 1238 dextrum
821 1188 1161 1254 prosternere
1201 1203 1396 1254 corpus
1436 1186 1494 1238 in
1536 1204 1769 1254 armum,

165 1259 253 1311 uel
294 1259 338 1311 si
376 1259 603 1327 prolixis
645 1277 804 1312 auras
845 1259 1142 1328 mugitibus
1180 1259 1412 1328 inplent,

22 1346 136 1388 1850
165 1350 369 1402 pascua
405 1333 711 1403 linquentes
750 1333 842 1386 uix
879 1350 1117 1402 uespere.
1194 1333 1288 1385 dat
1326 1352 1489 1402 capra
1527 1333 1664 1386 moti
1886 1347 1940 1380 52⁵

168 1425 382 1459 rursum
422 1407 579 1477 signa
615 1408 750 1476 poli,
789 1425 911 1460 cum
950 1407 1121 1476 spinis
1159 1406 1298 1460 ilicis
1339 1410 1487 1460 atrae

168 1481 342 1533 multa
380 1480 570 1533 inhiat.
647 1481 803 1535 docet
839 1481 974 1533 haec
1013 1481 1201 1534 eadem
1239 1499 1330 1534 sus
1369 1480 1592 1534 horrida
1631 1498 1797 1534 caeno
1807 1523 1821 1550 ,

169 1555 403 1624 gurgitis
441 1555 645 1607 inluuie
685 1555 730 1607 si
771 1555 982 1624 saepius
1021 1555 1346 1608 inuoluatur.

244 1627 477 1682 Martius
516 1629 632 1697 ipse
671 1629 830 1698 lupus
869 1629 1124 1682 uillarum
1164 1629 1411 1697 proxima
1450 1629 1706 1682 oberrans

23 1715 138 1757 1855
172 1701 553 1772 adfectansque
592 1703 738 1756 locos
776 1703 1058 1756 hominum
1096 1703 1401 1772 lectumque
1442 1703 1714 1771 laremque
1888 1717 1940 1750 53«

171 1779 364 1846 sponte
403 1779 593 1845 petens
633 1794 815 1829 crasso
855 1793 1176 1846 consurgere
1216 1776 1406 1829 nubila
1446 1777 1595 1829 caelo

168 1854 496 1919 praemonet,
573 1850 628 1903 id
666 1851 822 1919 parui
862 1868 983 1903 cum
1024 1850 1258 1903 stridunt
1298 1850 1526 1919 denique
1566 1869 1766 1919 mures,

171 1942 292 1977 cum
332 1925 530 1995 gestire
572 1925 709 1994 8010,
749 1943 869 1978 cum
907 1924 1089 1977 ludere
1127 1924 1269 1977 forte
1308 1924 1581 1992 uidentur,

170 1998 504 2068 portendunt
541 1999 779 2065 tibimet3
818 1998 966 2051 canis
1006 1997 1063 2050 id
1100 1999 1455 2067 praesentiat,
1494 1999 1638 2051 ultro

26 2085 140 2128 1860
172 2073 421 2125 tellurem
458 2072 686 2126 fodiens.
763 2075 948 2125 tamen
985 2071 1140 2141 haec,
1178 2075 1362 2124 tamen
1403 2073 1584 2124 omnia
1622 2089 1803 2124 rerum
1888 2084 1940 2118 53⁵

174 2145 357 2199 adfore
396 2147 483 2199 uel
522 2147 696 2216 primo
736 2146 949 2199 nimbos
990 2164 1114 2199 mox
1154 2146 1267 2199 sole
1307 2145 1597 2213 docebunt,

296 2369 409 2409 1836
442 2367 569 2410 certa
599 2366 694 2409 suis
726 2379 747 2409 e
778 2366 927 2409 certas
957 2364 1030 2409 uis
1061 2364 1107 2407 A
1195 2368 1306 2408 1837
1340 2364 1441 2408 01118
1474 2378 1496 2409 0
1525 2365 1596 2409 uis
1628 2365 1673 2408 A
1753 2368 1866 2408 1838

174 2423 434 2468 insaturata
473 2424 565 2468 cibi
607 2438 629 2468 0
666 2424 843 2468 insatus
883 2423 1080 2468 atacibis
1112 2424 1158 2467 A
1280 2428 1395 2468 1839
1435 2423 1482 2466 id
1516 2437 1541 2467 v
1575 2426 1623 2467 et
1654 2424 1698 2466 A
1730 2436 1812 2467 om.
1846 2437 1868 2466 e

178 2488 289 2528 1841
331 2483 527 2539 adpetat
563 2483 752 2528 Grotius
792 2482 974 2539 appetit
1004 2483 1050 2526 A
1196 2486 1308 2526 1843
1350 2482 1605 2527 abscedant
1641 2496 1667 2526 v
1708 2495 1866 2525 ascen-

177 2541 290 2586 dant
320 2542 366 2585 A
398 2542 682 2587 abscendant
713 2557 735 2586 e
869 2545 983 2585 1844
1015 2554 1180 2598 uesper
1211 2541 1339 2585 adire
1370 2555 1396 2584 v
1428 2553 1623 2597 uespera
1653 2540 1751 2584 dire
1783 2542 1829 2583 A
1847 2554 1868 2584 e

86 2634 96 2645 .
180 2605 294 2646 1845
328 2601 565 2657 conpellat
598 2599 899 2657 (Compellat)
923 2615 945 2644 0
969 2599 1231 2656 Compellas
1255 2601 1300 2643 A
1323 2601 1339 2656 ΙῙ
1362 2599 1544 2643 nimbos
1577 2613 1599 2643 0
1630 2599 1753 2643 enim
1784 2599 1867 2643 bos

177 2661 223 2703 A
370 2664 481 2703 1847
521 2660 686 2716 lingua
723 2674 749 2703 v
788 2659 999 2716 linguam
1037 2659 1120 2702 Ae
1258 2662 1370 2703 1848
1411 2661 1494 2702 aut
1532 2673 1554 2702 e
1592 2658 1652 2702 ad
1691 2659 1736 2701 A
1766 2659 1782 2715 ss
1819 2657 1869 2701 in

179 2731 359 2762 armum
384 2732 405 2762 0
435 2719 514 2763 ina
544 2719 706 2776 pinum
730 2718 776 2762 A
870 2722 982 2762 1851
1017 2716 1160 2774 spinis
1183 2731 1209 2761 v
1242 2717 1364 2773 pinis
1390 2718 1435 2760 A
1466 2717 1622 2774 pinnis
1647 2731 1668 2761 0
1754 2721 1866 2761 1852

180 2790 322 2822 caeno
361 2791 383 2822 0
423 2790 537 2822 cena
575 2778 620 2821 A
774 2781 888 2821 1854
925 2777 1061 2834 lupus
1092 2790 1115 2820 e
1144 2776 1272 2819 lusus
1305 2777 1350 2819 A
1504 2780 1615 2820 1856
1647 2777 1810 2831 petens
1842 2789 1867 2819 v

180 2838 346 2892 potens
378 2836 423 2879 A
440 2851 461 2880 e
554 2840 667 2880 1859
700 2835 749 2879 id
780 2836 1066 2892 praesentiat
1089 2835 1211 2879 ultro
1236 2836 1401 2889 scripsi
1425 2835 1480 2889 ef.
1507 2835 1695 2879 Hermes
1722 2834 1876 2878 XIII

173 2907 224 2951 p.
258 2898 351 2940 362
382 2909 430 2940 π.
462 2899 521 2940 45
551 2895 621 2939 idi
651 2894 803 2939 rentia
833 2895 1007 2939 adultis
1039 2894 1083 2938 A
1116 2894 1164 2938 id
1195 2892 1456 2950 praesentia
1487 2893 1611 2938 ultro
1644 2908 1666 2938 e
