1940 3072
761 153 939 199 LIBER
976 154 1010 200 Ι.
1197 158 1201 162 ’
1630 152 1687 204 11

93 280 247 344 Igitur
273 294 384 330 cum
412 291 617 329 currens
641 276 817 328 bibere
843 279 1087 345 coepisset
1111 281 1263 338 canis»,

93 350 175 400 Sic
202 349 503 400 corcodilus:
554 347 836 407 Quamlibet
858 349 1023 399 lambe
1049 351 1177 408 otio;

92 419 206 470 Noli
229 422 409 470 vereri.
460 420 523 469 At
546 419 654 470 ille:
705 419 944 469 Facerem
969 419 1296 478 mehercules,

9 519 13 523 -
92 489 199 540 Nisi
226 505 333 541 esse
357 492 539 541 scirem
564 490 730 540 carnis
752 494 802 538 te
828 490 1064 555 cupidum
1089 504 1244 541 meae.

621 617 661 665 F
675 616 772 665 AB
784 617 831 664 V
842 616 883 665 L
894 618 941 665 A
977 617 1156 666 XXVI.

521 697 800 740 VVLPES
829 698 921 740 ΕΤ
952 699 1163 740 cICON
1166 699 1258 743 1A.

159 771 292 822 Nulli
317 770 618 822 nocendum:
658 772 814 834 siquis
840 785 957 819 vero
982 769 1197 827 laeserit,

88 841 391 893 Multandum
417 840 568 891 simili
592 841 700 889 iure
731 839 910 890 fabella
935 840 1179 890 admonet.

158 913 341 977 Vulpes
367 911 427 962 ad
452 925 626 960 cenam
651 909 834 960 dicitur
859 912 1100 960 ciconiam

88 982 230 1032 Prior
253 984 487 1033 invitasse
514 986 562 1030 et
586 980 661 1030 illi
687 982 739 1030 in
763 982 931 1046 patina
955 981 1194 1046 liquidam

6 1047 10 1049 ’
86 1051 315 1102 Posuisse
341 1050 685 1108 sorbitionem,
714 1066 860 1116 quam
885 1051 1018 1101 nullo
1044 1051 1189 1100 modo
1660 1056 1687 1096 5

89 1122 298 1172 Gustare
325 1124 548 1172 esuriens
573 1122 791 1186 potuerit
815 1123 1020 1171 ciconia.

86 1191 222 1249 Quae
247 1193 444 1258 vulpem
470 1206 581 1240 cum
606 1197 908 1249 revocasset,
937 1193 1111 1241 intrito
1139 1190 1252 1241 cibo

85 1262 288 1312 Plenam
313 1263 538 1326 lagonam
561 1263 751 1327 posuit:
790 1261 907 1311 huic
931 1268 1148 1311 rostrum
1172 1263 1400 1312 inserens

87 1332 305 1382 Satiatur
329 1333 435 1398 ipsa
461 1338 510 1381 et
533 1338 730 1397 torquet
755 1333 1007 1382 convivam
1031 1333 1178 1382 fame.

85 1401 218 1459 Quae
244 1417 356 1452 cum
380 1403 584 1467 lagonae
610 1401 790 1451 collum
814 1403 1000 1451 frustra
1025 1401 1281 1459 lamberet,
1632 1404 1689 1448 1ο

85 1471 405 1537 Peregrinam
429 1474 503 1523 sic
526 1473 739 1522 locutam
763 1472 1015 1522 volucrem
1041 1474 1345 1537 accepimus:

87 1541 184 1592 Sua
209 1545 418 1609 quisque
446 1542 671 1608 exempla
697 1541 845 1590 dehet
871 1558 1026 1608 aequo
1052 1544 1216 1593 animo
1242 1544 1359 1607 pati.

600 1669 919 1717 FABVLA
956 1669 1161 1717 XXVII.

202 1750 410 1792 CANIS
439 1750 531 1792 ΕΤ
561 1749 983 1792 THESAVRVS
1013 1751 1104 1791 ΕΤ
1133 1750 1562 1793 VVL'I'VRIVS.

228 1820 383 1887 [Haec
408 1836 489 1870 res
517 1822 676 1870 avaris
703 1837 810 1871 esse
837 1823 1135 1870 conveniens
1159 1829 1320 1886 potest

83 1892 147 1942 Et
170 1894 254 1956 qui
280 1891 492 1941 humiles
517 1892 620 1940 nati
646 1891 744 1940 dici
767 1891 1038 1955 locupletes
1063 1890 1302 1956 student.]

154 1962 376 2012 Humana
402 1961 639 2010 effodiens
665 1976 774 2010 ossa
798 1960 1087 2010 thesaurum
1114 1962 1250 2009 canis

84 2031 278 2081 Invenit
302 2037 351 2080 et
374 2031 581 2081 violarat
605 2033 720 2095 quia
744 2030 911 2079 Manes
936 2030 1070 2088 deOS,

84 2101 270 2151 Iniecta
296 2107 371 2151 est
395 2101 469 2151 illi
495 2101 782 2151 divitiarum
807 2100 1068 2165 cupiditas,
1656 2105 1683 2146 5

85 2171 272 2220 Poenas
293 2178 347 2221 ut
372 2177 569 2220 sanctae
582 2170 827 2234 Religioni
852 2171 1109 2235 penderet.

83 2240 253 2306 ltaque
279 2256 453 2290 aurum
480 2241 596 2290 dum
622 2240 857 2298 custodit,
886 2239 1067 2290 oblitus
1093 2239 1194 2289 cibi

86 2310 235 2360 Fame
262 2317 337 2360 est
361 2316 703 2375 consumptus;
731 2325 877 2376 quem
904 2316 1039 2360 stans
1063 2310 1305 2360 vulturius
1331 2325 1479 2375 super

86 2380 268 2429 Fertur
293 2379 511 2430 locutus:
564 2380 604 2430 Ο
630 2382 766 2429 canis
782 2419 794 2437 ,
822 2382 1002 2430 merito
1026 2382 1175 2437 iaceS,

84 2448 179 2506 Qui
206 2451 483 2516 concupisti
509 2450 674 2499 subito
699 2450 892 2514 regales
918 2465 1051 2515 opeS,
1628 2453 1683 2495 10

84 2518 251 2568 Trivio
277 2526 512 2585 concepte
539 2527 589 2572 et
614 2520 819 2569 educate
846 2527 1081 2569 stercore.

586 2645 626 2694 F
638 2645 736 2694 AB
747 2646 793 2693 V
805 2646 846 2695 L
858 2646 905 2694 A
948 2645 1177 2694 XXVIII.

521 2726 797 2768 VVLPES
826 2727 916 2768 ΕΤ
947 2726 1237 2774 AQVILA.

155 2795 385 2853 Quamvis
409 2795 645 2847 sublimes
672 2797 853 2848 debent
877 2798 1088 2847 humiles
1112 2804 1348 2854 metuere,

87 2865 312 2916 Vindicta
338 2865 485 2917 docili
510 2869 625 2933 quia
650 2875 784 2933 patet
811 2868 1073 2917 sollertiae.
