1940 3072
696 192 698 194 ,
749 147 817 188 lx
849 149 1072 190 135—194
1144 139 1147 142 ”
1646 147 1713 201 57

219 272 280 327 Si
304 290 410 342 qua
433 273 610 325 iacent
633 271 872 340 dispersa
895 273 1023 326 solis
1050 273 1291 325 ostendet
1316 275 1370 325 et
1394 273 1552 326 ambo

2 319 22 366 ΞΥ
54 369 58 374 ,
117 353 198 394 165
224 342 487 397 Carnibus
511 341 792 396 Hectoreis
819 342 1054 412 defigent
1079 342 1260 395 oscula
1282 343 1488 411 flentem,

223 412 329 467 Ore
355 414 633 465 cruentato
659 430 885 481 puerum
910 413 1070 465 simul
1095 412 1251 465 ambo
1277 413 1579 465 monebunt

224 482 422 537 Oscula
445 481 536 534 det
558 482 834 534 membris:
862 482 1085 535 ‘laceros
1110 483 1429 550 ubicumque
1454 482 1646 535 iacere'

220 552 380 606 Dicet
404 569 536 604 auus
560 569 728 620 puero
755 555 927 620 ‘pater
951 555 1032 605 est
1058 570 1191 621 quos
1216 552 1412 604 uideris
1440 555 1622 605 artus'.

222 622 461 675 Motibus
484 621 570 674 his
596 622 641 674 si
665 621 816 674 nulla
841 623 992 674 uenit
1015 622 1230 691 pietatis
1255 622 1363 674 ima
1403 640 1452 686 ο,

119 702 202 744 170
227 693 422 762 Aspice
448 691 576 760 quid
600 691 803 744 faciant
827 692 1022 745 coniux
1046 695 1198 760 pater
1221 639 1444 744 Hecuza
1467 695 1626 745 natus

223 762 297 815 Et
319 761 631 831 pudibunda
655 767 821 814 soror.
857 761 1103 814 Priamus
1128 762 1267 815 iacet
1293 762 1474 814 oscula
1496 756 1698 830 plantis

223 831 339 885 Rex
364 832 543 884 senior
568 831 698 884 dans
722 831 837 900 ipse
862 832 970 884 tuis
995 849 1093 884 nec
1117 834 1273 899 turpe
1298 833 1524 899 putabat

227 900 381 963 Quod
405 901 659 954 miserum
683 900 903 954 fortuna
927 902 1090 953 iubet.
1137 901 1265 965 hinc
1290 901 1445 971 uirgo
1470 900 1664 969 pudica

225 973 554 1040 Astyanacta
575 974 766 1023 tenens
791 989 1019 1039 paruum
1044 989 1204 1039 super
1228 970 1464 1023 Hectora
1489 971 1647 1039 ponit

120 1051 202 1093 175
227 1041 301 1095 Et
325 1059 550 1110 puerum
575 1040 767 1093 deflere
793 1041 963 1108 docet,
991 1042 1081 1093 sed
1105 1041 1360 1109 paruulus
1387 1043 1540 1109 optat

223 1111 309 1164 Ire
333 1129 434 1164 nec
460 1111 682 1163 extincti
707 1112 985 1180 cognoscit
1008 1111 1200 1162 funera
1224 1111 1406 1178 patriS.
1718 1159 1722 1165 .

225 1181 348 1234 Heu
371 1181 606 1233 lacerum
630 1198 757 1232 nam
777 1199 968 1249 corpus
991 1184 1120 1248 erat,
1149 1180 1292 1249 quod
1317 1183 1487 1232 mater
1512 1183 1566 1232 et
1590 1198 1726 1233 uxor

229 1250 359 1304 Gom
400 1251 551 1303 lexae
576 1268 673 1318 per
697 1251 835 1303 colla
858 1254 1047 1303 tenent
1072 1254 1126 1302 et
1149 1251 1374 1302 uulnera
1397 1250 1526 1302 ferri

226 1320 332 1373 Per
377 1338 558 1373 aceros
584 1323 730 1372 artus
756 1338 1016 1390 generoso
1041 1321 1099 1372 :in
1127 1338 1348 1388 corpore
1375 1323 1652 1388 quaerunt.

125 1400 207 1442 180
232 1389 336 1443 Sed
361 1389 488 1458 quid
514 1390 670 1442 dorsa
694 1390 798 1442 uiri
822 1390 1084 1459 palpant?
1121 1390 1319 1442 iniuria
1343 1393 1554 1443 constat

227 1459 562 1529 Magnanimi
586 1460 822 1512 iuuenis:
850 1461 1063 1530 plagam
1090 1478 1196 1528 qua
1222 1460 1457 1513 concidit
1480 1459 1683 1513 Hector
1739 1478 1789 1517 [p.
1815 1475 1873 1517 73]

225 1530 300 1583 Et
322 1529 519 1582 uulnus
544 1530 590 1582 si
613 1547 770 1582 nosse
795 1530 987 1598 placet,
1013 1533 1221 1582 uersate
1247 1530 1498 1598 supinum

230 1599 436 1667 Corpus
462 1602 516 1651 et
541 1600 701 1652 occisi
724 1602 1021 1652 tractentur
1044 1602 1265 1668 pectora
1288 1600 1445 1668 regis.

225 1669 515 1722 Inuenient
538 1687 744 1740 ungues
771 1673 972 1738 quanto
999 1669 1272 1722 descendit
1294 1670 1446 1721 hiatu

123 1749 204 1790 185
229 1739 400 1791 Hasta
424 1742 618 1807 potens
644 1743 1008 1808 quantumque
1035 1739 1179 1791 dedit
1203 1740 1483 1792 uulcanius
1509 1738 1666 1791 ensis,

232 1808 374 1862 Nam
399 1809 542 1877 quod
565 1812 719 1878 terga
743 1809 937 1873 ferunt,
963 1809 1067 1861 hoc
1093 1826 1277 1861 currus
1302 1809 1433 1863 fecit
1458 1809 1686 1862 Achillis

228 1878 373 1931 Dum
397 1878 565 1930 trahit
590 1879 809 1931 extincti
834 1879 1045 1931 iuuenis
1070 1897 1165 1947 per
1190 1897 1318 1931 saxa
1343 1879 1584 1946 cadauer,

231 1949 305 2001 Et
330 1948 545 2001 domino
572 1950 678 2001 iam
706 1949 900 2000 damna
923 1951 1117 2017 parant
1142 1948 1205 2000 de
1230 1949 1417 2000 funere
1442 1951 1631 2000 tracto,

230 2018 465 2070 Hectora
489 2019 744 2070 mirantes
769 2019 889 2087 plus
914 2022 968 2070 te
994 2017 1286 2085 laudamUS,
1313 2018 1567 2086 Achilles,

127 2098 210 2139 190
235 2090 286 2140 A
312 2106 417 2157 quo
444 2088 617 2141 uictus
645 2089 782 2141 obit:
809 2090 971 2140 finem
998 2088 1078 2156 da,
1105 2105 1316 2157 magne,
1344 2088 1518 2140 dolori

228 2158 302 2211 Et
325 2161 448 2226 post
472 2159 765 2210 uindictam
790 2159 1004 2211 ueniam
1030 2158 1259 2210 concede
1284 2161 1562 2226 perempto

231 2227 333 2288 Qui
357 2245 559 2296 poenas
584 2229 642 2280 in
666 2228 783 2280 luce
810 2228 969 2280 dedit.
1028 2228 1135 2280 iam
1160 2229 1364 2296 respice
1390 2228 1535 2279 mitis

232 2299 560 2366 Astyanacta
583 2298 785 2365 uidens⁷
811 2298 1006 2366 Pyrrhi
1032 2297 1279 2350 succedat
1302 2299 1481 2367 imago

231 2369 375 2420 Ante
402 2369 583 2420 oculos
610 2367 803 2420 dilecta
827 2369 941 2435 tibi,
969 2367 1274 2436 Priamique
1301 2370 1543 2420 senectus

241 2538 322 2577 164
351 2538 520 2577 sororis
554 2537 663 2577 solis
691 2540 816 2589 posui
835 2539 1028 2578 temerius
1044 2538 1235 2588 fortasse
1256 2551 1377 2590 quam
1398 2537 1554 2578 rectius
1648 2538 1730 2578 165

126 2591 332 2646 defigunt
369 2606 479 2633 corr.
517 2592 676 2633 Bacch.
808 2595 886 2633 166
926 2594 1175 2633 manebant
1211 2606 1323 2635 corr.
1364 2593 1522 2633 Bueek.
1651 2594 1731 2633 169

125 2647 346 2690 Mortibus
377 2661 490 2689 corr.
521 2648 680 2689 Bueclz.
774 2651 850 2690 170
882 2649 1026 2689 ecuba
1121 2649 1201 2688 174
1230 2661 1404 2701 ponens
1436 2662 1549 2693 corr,
1569 2647 1729 2693 Bueclz,

185 2703 266 2744 176
295 2703 485 2744 humera
630 2706 710 2746 184
743 2704 958 2745 descendi
998 2703 1126 2756 (corr.
1157 2717 1215 2743 ex
1261 2703 1485 2756 discendi)
1527 2705 1582 2756 ef.
1615 2703 1730 2748 Stat.

133 2758 259 2800 Theb.
298 2759 388 2800 XII
433 2762 516 2801 340
643 2762 722 2802 186
770 2760 992 2800 dederunt
1034 2758 1264 2811 lAchillis
1309 2773 1423 2801 corr.
1472 2774 1530 2801 ex
1576 2759 1731 2800 Achil-

126 2813 192 2856 les
308 2816 388 2857 187
417 2816 598 2856 iuuenis
629 2829 742 2857 corr.
774 2830 831 2857 ex
862 2816 1044 2855 iuuonis
1162 2816 1240 2856 193
1270 2815 1543 2857 Astianacta
1571 2815 1578 2868 Ι
1614 2816 1732 2856 malis

128 2871 290 2924 uigens
406 2872 487 2912 194
517 2871 700 2914 delecta
