<?xml version="1.0" encoding="UTF-8"?>
<!DOCTYPE html PUBLIC "-//W3C//DTD XHTML 1.0 Transitional//EN"
    "http://www.w3.org/TR/xhtml1/DTD/xhtml1-transitional.dtd">
<html xmlns="http://www.w3.org/1999/xhtml" xml:lang="en" lang="en">
 <head>
  <title>
</title>
<meta http-equiv="Content-Type" content="text/html;charset=utf-8" />
  <meta name='ocr-system' content='tesseract 3.04.00' />
  <meta name='ocr-capabilities' content='ocr_page ocr_carea ocr_par ocr_line ocrx_word'/>
</head>
<body>
  <div class='ocr_page' id='page_1' title='image "./phaedriaugustili00phaeuoft_0108.png"; bbox 0 0 1940 3072; ppageno 0'>
   <div class='ocr_carea' id='block_1_1' title="bbox 1567 0 1940 95">
    <p class='ocr_par' dir='ltr' id='par_1_1' title="bbox 1567 0 1940 95">
     <span class='ocr_line' id='line_1_1' title="bbox 1567 0 1940 95; baseline 0 2977"><span class='ocrx_word' id='word_1_1' title='bbox 1567 0 1940 95; x_wconf 95' lang='lat' dir='ltr'> </span> 
     </span>
    </p>
   </div>
   <div class='ocr_carea' id='block_1_2' title="bbox 251 118 1333 205">
    <p class='ocr_par' dir='ltr' id='par_1_2' title="bbox 251 118 1333 205">
     <span class='ocr_line' id='line_1_2' title="bbox 251 118 1333 205; baseline -0.006 -20"><span class='ocrx_word' id='word_1_2' title='bbox 251 142 318 194; x_wconf 83' lang='lat'>18</span> <span class='ocrx_word' id='word_1_3' title='bbox 814 139 1298 205; x_wconf 66' lang='lat' dir='ltr'>courssounsssm</span> <span class='ocrx_word' id='word_1_4' title='bbox 1330 118 1333 120; x_wconf 69' lang='grc'>’</span> 
     </span>
    </p>
   </div>
   <div class='ocr_carea' id='block_1_3' title="bbox 251 263 1938 682">
    <p class='ocr_par' dir='ltr' id='par_1_3' title="bbox 251 263 1938 682">
     <span class='ocr_line' id='line_1_3' title="bbox 354 263 1778 333; baseline -0.003 -14"><span class='ocrx_word' id='word_1_5' title='bbox 354 267 533 319; x_wconf 89' lang='lat' dir='ltr'>Instar</span> <span class='ocrx_word' id='word_1_6' title='bbox 557 265 760 317; x_wconf 89' lang='lat' dir='ltr'>habent</span> <span class='ocrx_word' id='word_1_7' title='bbox 781 264 964 316; x_wconf 89' lang='lat' dir='ltr'>hostes</span> <span class='ocrx_word' id='word_1_8' title='bbox 990 281 1124 331; x_wconf 90' lang='lat' dir='ltr'>quos</span> <span class='ocrx_word' id='word_1_9' title='bbox 1150 263 1353 315; x_wconf 88' lang='lat' dir='ltr'>sanctio</span> <span class='ocrx_word' id='word_1_10' title='bbox 1378 263 1530 315; x_wconf 88' lang='lat' dir='ltr'>nulla</span> <span class='ocrx_word' id='word_1_11' title='bbox 1555 265 1778 333; x_wconf 86' lang='lat' dir='ltr'>coercet,</span> 
     </span>
     <span class='ocr_line' id='line_1_4' title="bbox 357 332 1938 402; baseline -0.004 -13"><span class='ocrx_word' id='word_1_12' title='bbox 357 335 693 389; x_wconf 81' lang='lat' dir='ltr'>Condemnat</span> <span class='ocrx_word' id='word_1_13' title='bbox 717 333 861 386; x_wconf 90' lang='lat' dir='ltr'>solus</span> <span class='ocrx_word' id='word_1_14' title='bbox 887 332 1069 385; x_wconf 90' lang='lat' dir='ltr'>ciuilia</span> <span class='ocrx_word' id='word_1_15' title='bbox 1091 333 1210 385; x_wconf 89' lang='lat' dir='ltr'>iura</span> <span class='ocrx_word' id='word_1_16' title='bbox 1232 335 1508 402; x_wconf 82' lang='lat' dir='ltr'>tyrannus.</span> <span class='ocrx_word' id='word_1_17' title='bbox 1830 334 1835 336; x_wconf 70' lang='grc'><strong>’</strong></span> <span class='ocrx_word' id='word_1_18' title='bbox 1870 354 1877 357; x_wconf 72' lang='grc'><strong>’</strong></span> <span class='ocrx_word' id='word_1_19' title='bbox 1935 343 1938 345; x_wconf 73' lang='grc'><strong>’</strong></span> 
     </span>
     <span class='ocr_line' id='line_1_5' title="bbox 251 403 1678 472; baseline -0.001 -16"><span class='ocrx_word' id='word_1_20' title='bbox 251 417 333 457; x_wconf 85' lang='grc'>235</span> <span class='ocrx_word' id='word_1_21' title='bbox 357 406 555 459; x_wconf 82' lang='lat' dir='ltr'>Nonne</span> <span class='ocrx_word' id='word_1_22' title='bbox 576 403 958 472; x_wconf 90' lang='lat' dir='ltr'>triumphantis</span> <span class='ocrx_word' id='word_1_23' title='bbox 983 403 1159 472; x_wconf 86' lang='lat' dir='ltr'>legem</span> <span class='ocrx_word' id='word_1_24' title='bbox 1183 403 1229 456; x_wconf 89' lang='lat' dir='ltr'>si</span> <span class='ocrx_word' id='word_1_25' title='bbox 1253 403 1393 456; x_wconf 84' lang='lat' dir='ltr'>forte</span> <span class='ocrx_word' id='word_1_26' title='bbox 1419 403 1678 471; x_wconf 89' lang='lat' dir='ltr'>superbus</span> 
     </span>
     <span class='ocr_line' id='line_1_6' title="bbox 356 472 1911 543; baseline -0.002 -15"><span class='ocrx_word' id='word_1_27' title='bbox 356 475 643 528; x_wconf 84' lang='lat' dir='ltr'>Temneret</span> <span class='ocrx_word' id='word_1_28' title='bbox 668 477 762 526; x_wconf 90' lang='lat' dir='ltr'>aut</span> <span class='ocrx_word' id='word_1_29' title='bbox 785 474 939 542; x_wconf 87' lang='lat' dir='ltr'>parui</span> <span class='ocrx_word' id='word_1_30' title='bbox 963 472 1203 541; x_wconf 91' lang='lat' dir='ltr'>pendens</span> <span class='ocrx_word' id='word_1_31' title='bbox 1226 473 1532 542; x_wconf 60' lang='lat' dir='ltr'>‘quicunque</span> <span class='ocrx_word' id='word_1_32' title='bbox 1551 476 1806 543; x_wconf 48' lang='lat' dir='ltr'>putaretr</span> <span class='ocrx_word' id='word_1_33' title='bbox 1908 524 1911 525; x_wconf 10' lang='grc' dir='ltr'><em>γ</em></span> 
     </span>
     <span class='ocr_line' id='line_1_7' title="bbox 357 543 1869 614; baseline -0.002 -16"><span class='ocrx_word' id='word_1_34' title='bbox 357 545 658 614; x_wconf 84' lang='lat' dir='ltr'>Sacrilegus</span> <span class='ocrx_word' id='word_1_35' title='bbox 684 546 973 595; x_wconf 71' lang='lat' dir='ltr'>temerator</span> <span class='ocrx_word' id='word_1_36' title='bbox 996 543 1141 595; x_wconf 90' lang='lat' dir='ltr'>iners</span> <span class='ocrx_word' id='word_1_37' title='bbox 1166 543 1414 596; x_wconf 82' lang='lat' dir='ltr'>inimicus</span> <span class='ocrx_word' id='word_1_38' title='bbox 1440 546 1493 595; x_wconf 88' lang='lat' dir='ltr'>et</span> <span class='ocrx_word' id='word_1_39' title='bbox 1516 543 1687 595; x_wconf 86' lang='lat' dir='ltr'>hostis</span> <span class='ocrx_word' id='word_1_40' title='bbox 1861 556 1869 560; x_wconf 81' lang='grc'>·</span> 
     </span>
     <span class='ocr_line' id='line_1_8' title="bbox 355 613 1604 682; baseline -0.003 -14"><span class='ocrx_word' id='word_1_41' title='bbox 355 615 609 668; x_wconf 82' lang='lat' dir='ltr'>Publicus</span> <span class='ocrx_word' id='word_1_42' title='bbox 635 614 726 665; x_wconf 90' lang='lat' dir='ltr'>ille</span> <span class='ocrx_word' id='word_1_43' title='bbox 750 614 907 679; x_wconf 86' lang='lat' dir='ltr'>foret,</span> <span class='ocrx_word' id='word_1_44' title='bbox 935 613 1116 682; x_wconf 89' lang='lat' dir='ltr'>legum</span> <span class='ocrx_word' id='word_1_45' title='bbox 1142 616 1344 666; x_wconf 89' lang='lat' dir='ltr'>secreta</span> <span class='ocrx_word' id='word_1_46' title='bbox 1367 613 1604 665; x_wconf 88' lang='lat' dir='ltr'>tribunal</span> 
     </span>
    </p>
   </div>
   <div class='ocr_carea' id='block_1_4' title="bbox 355 683 1882 755">
    <p class='ocr_par' dir='ltr' id='par_1_4' title="bbox 355 683 1940 755">
     <span class='ocr_line' id='line_1_9' title="bbox 355 683 1882 755; baseline -0.003 -17"><span class='ocrx_word' id='word_1_47' title='bbox 355 685 470 738; x_wconf 90' lang='lat' dir='ltr'>Iam</span> <span class='ocrx_word' id='word_1_48' title='bbox 482 687 725 753; x_wconf 87' lang='lat' dir='ltr'>quateret</span> <span class='ocrx_word' id='word_1_49' title='bbox 744 683 969 751; x_wconf 88' lang='lat' dir='ltr'>strepitu</span> <span class='ocrx_word' id='word_1_50' title='bbox 988 683 1215 750; x_wconf 80' lang='lat' dir='ltr'>iuueniS,</span> <span class='ocrx_word' id='word_1_51' title='bbox 1225 683 1346 735; x_wconf 88' lang='lat' dir='ltr'>fora</span> <span class='ocrx_word' id='word_1_52' title='bbox 1362 687 1548 736; x_wconf 86' lang='lat' dir='ltr'>nostra</span> <span class='ocrx_word' id='word_1_53' title='bbox 1558 687 1854 755; x_wconf 86' lang='lat' dir='ltr'>creparent,</span> <span class='ocrx_word' id='word_1_54' title='bbox 1879 734 1882 735; x_wconf 10' lang='grc' dir='ltr'><em>γ</em></span> 
     </span>
    </p>
   </div>
   <div class='ocr_carea' id='block_1_5' title="bbox 101 753 1932 2153">
    <p class='ocr_par' dir='ltr' id='par_1_5' title="bbox 251 753 1932 1033">
     <span class='ocr_line' id='line_1_10' title="bbox 251 753 1530 824; baseline 0.001 -19"><span class='ocrx_word' id='word_1_55' title='bbox 251 766 335 806; x_wconf 88' lang='grc'>240</span> <span class='ocrx_word' id='word_1_56' title='bbox 359 755 481 824; x_wconf 88' lang='lat' dir='ltr'>Ipse</span> <span class='ocrx_word' id='word_1_57' title='bbox 509 755 778 806; x_wconf 74' lang='lat' dir='ltr'>cicatrices</span> <span class='ocrx_word' id='word_1_58' title='bbox 805 753 1064 806; x_wconf 88' lang='lat' dir='ltr'>subducta</span> <span class='ocrx_word' id='word_1_59' title='bbox 1087 753 1266 806; x_wconf 87' lang='lat' dir='ltr'>fronte</span> <span class='ocrx_word' id='word_1_60' title='bbox 1291 757 1530 806; x_wconf 76' lang='lat' dir='ltr'>recentes</span> 
     </span>
     <span class='ocr_line' id='line_1_11' title="bbox 356 824 1596 892; baseline -0.002 -14"><span class='ocrx_word' id='word_1_61' title='bbox 356 825 598 878; x_wconf 73' lang='lat' dir='ltr'>Pectoris</span> <span class='ocrx_word' id='word_1_62' title='bbox 625 824 802 876; x_wconf 86' lang='lat' dir='ltr'>effossi</span> <span class='ocrx_word' id='word_1_63' title='bbox 828 824 1029 892; x_wconf 93' lang='lat' dir='ltr'>populo</span> <span class='ocrx_word' id='word_1_64' title='bbox 1055 827 1380 876; x_wconf 88' lang='lat' dir='ltr'>monstraret</span> <span class='ocrx_word' id='word_1_65' title='bbox 1404 827 1458 876; x_wconf 93' lang='lat' dir='ltr'>et</span> <span class='ocrx_word' id='word_1_66' title='bbox 1478 824 1596 876; x_wconf 89' lang='lat' dir='ltr'>urbi</span> 
     </span>
     <span class='ocr_line' id='line_1_12' title="bbox 358 893 1932 962; baseline 0.001 -15"><span class='ocrx_word' id='word_1_67' title='bbox 358 894 619 948; x_wconf 85' lang='lat' dir='ltr'>‘Uirtutis</span> <span class='ocrx_word' id='word_1_68' title='bbox 637 895 811 946; x_wconf 84' lang='lat' dir='ltr'>laesae</span> <span class='ocrx_word' id='word_1_69' title='bbox 839 894 1018 962; x_wconf 87' lang='lat' dir='ltr'>grauis</span> <span class='ocrx_word' id='word_1_70' title='bbox 1045 897 1125 946; x_wconf 89' lang='lat' dir='ltr'>est</span> <span class='ocrx_word' id='word_1_71' title='bbox 1148 894 1346 946; x_wconf 90' lang='lat' dir='ltr'>iniuria</span> <span class='ocrx_word' id='word_1_72' title='bbox 1371 893 1561 946; x_wconf 87' lang='lat' dir='ltr'>Marti&#39;</span> <span class='ocrx_word' id='word_1_73' title='bbox 1928 957 1932 960; x_wconf 2' lang='lat' dir='ltr'>p</span> 
     </span>
     <span class='ocr_line' id='line_1_13' title="bbox 358 963 1887 1033; baseline 0 -16"><span class='ocrx_word' id='word_1_74' title='bbox 358 964 624 1018; x_wconf 84' lang='lat' dir='ltr'>Clamaret</span> <span class='ocrx_word' id='word_1_75' title='bbox 647 982 744 1033; x_wconf 85' lang='lat' dir='ltr'>per</span> <span class='ocrx_word' id='word_1_76' title='bbox 767 964 970 1032; x_wconf 89' lang='lat' dir='ltr'>templa</span> <span class='ocrx_word' id='word_1_77' title='bbox 994 963 1140 1016; x_wconf 91' lang='lat' dir='ltr'>Iouis</span> <span class='ocrx_word' id='word_1_78' title='bbox 1164 982 1261 1032; x_wconf 91' lang='lat' dir='ltr'>per</span> <span class='ocrx_word' id='word_1_79' title='bbox 1283 965 1486 1033; x_wconf 83' lang='lat' dir='ltr'>templa</span> <span class='ocrx_word' id='word_1_80' title='bbox 1510 963 1803 1032; x_wconf 88' lang='lat' dir='ltr'>Mineruae,</span> <span class='ocrx_word' id='word_1_81' title='bbox 1884 1024 1887 1027; x_wconf 54' lang='grc'>,</span> 
     </span>
    </p>

    <p class='ocr_par' dir='ltr' id='par_1_6' title="bbox 358 1034 1889 1103">
     <span class='ocr_line' id='line_1_14' title="bbox 358 1034 1889 1103; baseline 0.001 -16"><span class='ocrx_word' id='word_1_82' title='bbox 358 1043 372 1064; x_wconf 83' lang='lat'><em>‘</em></span> <span class='ocrx_word' id='word_1_83' title='bbox 385 1034 560 1087; x_wconf 91' lang='lat' dir='ltr'>Nemo</span> <span class='ocrx_word' id='word_1_84' title='bbox 589 1035 756 1086; x_wconf 90' lang='lat' dir='ltr'>aciem</span> <span class='ocrx_word' id='word_1_85' title='bbox 777 1035 979 1100; x_wconf 89' lang='lat' dir='ltr'>subeat,</span> <span class='ocrx_word' id='word_1_86' title='bbox 1005 1034 1186 1086; x_wconf 91' lang='lat' dir='ltr'>nullus</span> <span class='ocrx_word' id='word_1_87' title='bbox 1204 1038 1520 1103; x_wconf 88' lang='lat' dir='ltr'>prorumpat</span> <span class='ocrx_word' id='word_1_88' title='bbox 1541 1035 1601 1087; x_wconf 93' lang='lat' dir='ltr'>in</span> <span class='ocrx_word' id='word_1_89' title='bbox 1621 1035 1851 1088; x_wconf 90' lang='lat' dir='ltr'>hostem&#39;</span> <span class='ocrx_word' id='word_1_90' title='bbox 1885 1086 1889 1087; x_wconf 19' lang='lat'><em>⁷</em></span> 
     </span>
    </p>

    <p class='ocr_par' dir='ltr' id='par_1_7' title="bbox 249 1104 1800 1367">
     <span class='ocr_line' id='line_1_15' title="bbox 249 1104 1772 1174; baseline 0.001 -18"><span class='ocrx_word' id='word_1_91' title='bbox 249 1115 331 1156; x_wconf 80' lang='lat'>245</span> <span class='ocrx_word' id='word_1_92' title='bbox 356 1105 601 1171; x_wconf 90' lang='lat' dir='ltr'>Diceret,</span> <span class='ocrx_word' id='word_1_93' title='bbox 629 1104 980 1156; x_wconf 88' lang='lat' dir='ltr'>infremerent</span> <span class='ocrx_word' id='word_1_94' title='bbox 1004 1122 1190 1156; x_wconf 93' lang='lat' dir='ltr'>omnes</span> <span class='ocrx_word' id='word_1_95' title='bbox 1214 1122 1323 1156; x_wconf 90' lang='lat' dir='ltr'>uno</span> <span class='ocrx_word' id='word_1_96' title='bbox 1351 1105 1563 1174; x_wconf 84' lang='lat' dir='ltr'>agmine</span> <span class='ocrx_word' id='word_1_97' title='bbox 1592 1105 1772 1158; x_wconf 79' lang='lat' dir='ltr'>ciues?</span> 
     </span>
     <span class='ocr_line' id='line_1_16' title="bbox 354 1174 1689 1243; baseline 0.001 -16"><span class='ocrx_word' id='word_1_98' title='bbox 354 1174 628 1243; x_wconf 84' lang='lat' dir='ltr'>PauperiS,</span> <span class='ocrx_word' id='word_1_99' title='bbox 656 1192 686 1226; x_wconf 95' lang='lat' dir='ltr'>o</span> <span class='ocrx_word' id='word_1_100' title='bbox 713 1191 975 1242; x_wconf 79' lang='lat' dir='ltr'>procereS,</span> <span class='ocrx_word' id='word_1_101' title='bbox 1001 1174 1316 1243; x_wconf 83' lang='lat' dir='ltr'>languentia</span> <span class='ocrx_word' id='word_1_102' title='bbox 1340 1175 1480 1227; x_wconf 86' lang='lat' dir='ltr'>colla</span> <span class='ocrx_word' id='word_1_103' title='bbox 1504 1175 1689 1228; x_wconf 88' lang='lat' dir='ltr'>sinetis</span> 
     </span>
     <span class='ocr_line' id='line_1_17' title="bbox 355 1244 1800 1314; baseline 0.001 -17"><span class='ocrx_word' id='word_1_104' title='bbox 355 1244 633 1298; x_wconf 82' lang='lat' dir='ltr'>Carnificis</span> <span class='ocrx_word' id='word_1_105' title='bbox 658 1247 909 1296; x_wconf 91' lang='lat' dir='ltr'>truncare</span> <span class='ocrx_word' id='word_1_106' title='bbox 934 1244 1192 1296; x_wconf 75' lang='lat' dir='ltr'>manum?</span> <span class='ocrx_word' id='word_1_107' title='bbox 1230 1263 1343 1297; x_wconf 93' lang='lat' dir='ltr'>non</span> <span class='ocrx_word' id='word_1_108' title='bbox 1368 1263 1516 1296; x_wconf 90' lang='lat' dir='ltr'>arma</span> <span class='ocrx_word' id='word_1_109' title='bbox 1540 1247 1800 1314; x_wconf 88' lang='lat' dir='ltr'>tubasque</span> 
     </span>
     <span class='ocr_line' id='line_1_18' title="bbox 355 1314 1539 1367; baseline 0.001 -1"><span class='ocrx_word' id='word_1_110' title='bbox 355 1315 569 1367; x_wconf 85' lang='lat' dir='ltr'>Tollitis</span> <span class='ocrx_word' id='word_1_111' title='bbox 609 1317 662 1366; x_wconf 89' lang='lat' dir='ltr'>et</span> <span class='ocrx_word' id='word_1_112' title='bbox 687 1314 875 1366; x_wconf 86' lang='lat' dir='ltr'>saltem</span> <span class='ocrx_word' id='word_1_113' title='bbox 901 1314 1083 1367; x_wconf 89' lang='lat' dir='ltr'>ciuilia</span> <span class='ocrx_word' id='word_1_114' title='bbox 1106 1315 1245 1366; x_wconf 90' lang='lat' dir='ltr'>bella</span> <span class='ocrx_word' id='word_1_115' title='bbox 1269 1315 1539 1367; x_wconf 71' lang='lat' dir='ltr'>monetis?</span> 
     </span>
    </p>

    <p class='ocr_par' dir='ltr' id='par_1_8' title="bbox 101 1384 1773 1453">
     <span class='ocr_line' id='line_1_19' title="bbox 101 1384 1773 1453; baseline 0.003 -21"><span class='ocrx_word' id='word_1_116' title='bbox 101 1398 150 1442; x_wconf 74' lang='lat' dir='ltr'>[p.</span> <span class='ocrx_word' id='word_1_117' title='bbox 174 1399 227 1442; x_wconf 88' lang='lat'>19]</span> <span class='ocrx_word' id='word_1_118' title='bbox 358 1384 497 1446; x_wconf 79' lang='lat' dir='ltr'>Quid</span> <span class='ocrx_word' id='word_1_119' title='bbox 522 1385 673 1452; x_wconf 88' lang='lat' dir='ltr'>plebs</span> <span class='ocrx_word' id='word_1_120' title='bbox 697 1387 883 1436; x_wconf 89' lang='lat' dir='ltr'>nostra</span> <span class='ocrx_word' id='word_1_121' title='bbox 906 1385 1087 1436; x_wconf 81' lang='lat' dir='ltr'>taces?</span> <span class='ocrx_word' id='word_1_122' title='bbox 1126 1384 1274 1437; x_wconf 90' lang='lat' dir='ltr'>diues</span> <span class='ocrx_word' id='word_1_123' title='bbox 1298 1385 1627 1453; x_wconf 88' lang='lat' dir='ltr'>praeiudicat</span> <span class='ocrx_word' id='word_1_124' title='bbox 1651 1386 1773 1438; x_wconf 92' lang='lat' dir='ltr'>urbi</span> 
     </span>
    </p>

    <p class='ocr_par' dir='ltr' id='par_1_9' title="bbox 249 1454 1692 1595">
     <span class='ocr_line' id='line_1_20' title="bbox 249 1454 1692 1524; baseline 0.002 -20"><span class='ocrx_word' id='word_1_125' title='bbox 249 1465 333 1505; x_wconf 84' lang='lat'>250</span> <span class='ocrx_word' id='word_1_126' title='bbox 359 1455 432 1506; x_wconf 85' lang='lat' dir='ltr'>Et</span> <span class='ocrx_word' id='word_1_127' title='bbox 456 1455 656 1522; x_wconf 90' lang='lat' dir='ltr'>pariter</span> <span class='ocrx_word' id='word_1_128' title='bbox 680 1458 774 1507; x_wconf 91' lang='lat' dir='ltr'>tua</span> <span class='ocrx_word' id='word_1_129' title='bbox 799 1454 916 1505; x_wconf 92' lang='lat' dir='ltr'>iura</span> <span class='ocrx_word' id='word_1_130' title='bbox 940 1457 1119 1523; x_wconf 91' lang='lat' dir='ltr'>negat,</span> <span class='ocrx_word' id='word_1_131' title='bbox 1145 1455 1493 1523; x_wconf 90' lang='lat' dir='ltr'>praescriptio</span> <span class='ocrx_word' id='word_1_132' title='bbox 1520 1455 1692 1524; x_wconf 84' lang='lat' dir='ltr'>surgit</span> 
     </span>
     <span class='ocr_line' id='line_1_21' title="bbox 355 1523 1616 1595; baseline 0.002 -19"><span class='ocrx_word' id='word_1_133' title='bbox 355 1523 502 1586; x_wconf 79' lang='lat' dir='ltr'>Quae</span> <span class='ocrx_word' id='word_1_134' title='bbox 527 1525 728 1592; x_wconf 87' lang='lat' dir='ltr'>populo</span> <span class='ocrx_word' id='word_1_135' title='bbox 757 1525 925 1575; x_wconf 88' lang='lat' dir='ltr'>uitam</span> <span class='ocrx_word' id='word_1_136' title='bbox 950 1524 1359 1593; x_wconf 77' lang='lat' dir='ltr'>libertatemque</span> <span class='ocrx_word' id='word_1_137' title='bbox 1383 1526 1616 1595; x_wconf 88' lang='lat' dir='ltr'>negabit.</span> 
     </span>
    </p>

    <p class='ocr_par' dir='ltr' id='par_1_10' title="bbox 352 1594 1853 1803">
     <span class='ocr_line' id='line_1_22' title="bbox 353 1594 1853 1664; baseline 0.001 -18"><span class='ocrx_word' id='word_1_138' title='bbox 353 1594 482 1647; x_wconf 90' lang='lat' dir='ltr'>Non</span> <span class='ocrx_word' id='word_1_139' title='bbox 508 1594 746 1663; x_wconf 82' lang='lat' dir='ltr'>gemitis,</span> <span class='ocrx_word' id='word_1_140' title='bbox 772 1612 885 1646; x_wconf 91' lang='lat' dir='ltr'>non</span> <span class='ocrx_word' id='word_1_141' title='bbox 913 1594 1051 1646; x_wconf 89' lang='lat' dir='ltr'>fletis</span> <span class='ocrx_word' id='word_1_142' title='bbox 1077 1594 1275 1662; x_wconf 90' lang='lat' dir='ltr'>adhuc,</span> <span class='ocrx_word' id='word_1_143' title='bbox 1303 1613 1415 1647; x_wconf 93' lang='lat' dir='ltr'>non</span> <span class='ocrx_word' id='word_1_144' title='bbox 1441 1613 1589 1647; x_wconf 89' lang='lat' dir='ltr'>arma</span> <span class='ocrx_word' id='word_1_145' title='bbox 1612 1595 1853 1664; x_wconf 81' lang='lat' dir='ltr'>paratis?</span> 
     </span>
     <span class='ocr_line' id='line_1_23' title="bbox 354 1663 1495 1733; baseline 0 -17"><span class='ocrx_word' id='word_1_146' title='bbox 354 1663 550 1716; x_wconf 89' lang='lat' dir='ltr'>Laudis</span> <span class='ocrx_word' id='word_1_147' title='bbox 578 1664 678 1715; x_wconf 88' lang='lat' dir='ltr'>erit</span> <span class='ocrx_word' id='word_1_148' title='bbox 701 1664 876 1716; x_wconf 85' lang='lat' dir='ltr'>fateor</span> <span class='ocrx_word' id='word_1_149' title='bbox 900 1682 996 1732; x_wconf 90' lang='lat' dir='ltr'>pro</span> <span class='ocrx_word' id='word_1_150' title='bbox 1024 1665 1271 1717; x_wconf 86' lang='lat' dir='ltr'>libertate</span> <span class='ocrx_word' id='word_1_151' title='bbox 1296 1665 1495 1733; x_wconf 90' lang='lat' dir='ltr'>perire:</span> 
     </span>
     <span class='ocr_line' id='line_1_24' title="bbox 352 1732 1644 1803; baseline -0.001 -16"><span class='ocrx_word' id='word_1_152' title='bbox 352 1733 494 1787; x_wconf 86' lang='lat' dir='ltr'>Nam</span> <span class='ocrx_word' id='word_1_153' title='bbox 519 1752 616 1802; x_wconf 93' lang='lat' dir='ltr'>pro</span> <span class='ocrx_word' id='word_1_154' title='bbox 644 1732 905 1803; x_wconf 88' lang='lat' dir='ltr'>Uerginia</span> <span class='ocrx_word' id='word_1_155' title='bbox 930 1752 1050 1786; x_wconf 91' lang='lat' dir='ltr'>cum</span> <span class='ocrx_word' id='word_1_156' title='bbox 1075 1734 1225 1802; x_wconf 90' lang='lat' dir='ltr'>plebs</span> <span class='ocrx_word' id='word_1_157' title='bbox 1251 1735 1459 1787; x_wconf 89' lang='lat' dir='ltr'>arderet</span> <span class='ocrx_word' id='word_1_158' title='bbox 1481 1736 1540 1787; x_wconf 91' lang='lat' dir='ltr'>in</span> <span class='ocrx_word' id='word_1_159' title='bbox 1564 1735 1644 1786; x_wconf 89' lang='lat' dir='ltr'>ira</span> 
     </span>
    </p>

    <p class='ocr_par' dir='ltr' id='par_1_11' title="bbox 247 1803 1613 1873">
     <span class='ocr_line' id='line_1_25' title="bbox 247 1803 1613 1873; baseline 0.001 -18"><span class='ocrx_word' id='word_1_160' title='bbox 247 1814 331 1855; x_wconf 82' lang='lat'>255</span> <span class='ocrx_word' id='word_1_161' title='bbox 358 1803 562 1856; x_wconf 90' lang='lat' dir='ltr'>Montis</span> <span class='ocrx_word' id='word_1_162' title='bbox 588 1804 850 1856; x_wconf 91' lang='lat' dir='ltr'>Auentini</span> <span class='ocrx_word' id='word_1_163' title='bbox 873 1805 1051 1856; x_wconf 87' lang='lat' dir='ltr'>tenuit</span> <span class='ocrx_word' id='word_1_164' title='bbox 1075 1804 1320 1857; x_wconf 89' lang='lat' dir='ltr'>Romana</span> <span class='ocrx_word' id='word_1_165' title='bbox 1345 1823 1613 1873; x_wconf 85' lang='lat' dir='ltr'>cacumen,</span> 
     </span>
    </p>

    <p class='ocr_par' dir='ltr' id='par_1_12' title="bbox 350 1874 1736 2012">
     <span class='ocr_line' id='line_1_26' title="bbox 355 1874 1736 1944; baseline 0.001 -19"><span class='ocrx_word' id='word_1_166' title='bbox 355 1874 490 1926; x_wconf 81' lang='lat' dir='ltr'>Cum</span> <span class='ocrx_word' id='word_1_167' title='bbox 515 1877 668 1942; x_wconf 88' lang='lat' dir='ltr'>pater</span> <span class='ocrx_word' id='word_1_168' title='bbox 694 1875 962 1944; x_wconf 89' lang='lat' dir='ltr'>egregiam</span> <span class='ocrx_word' id='word_1_169' title='bbox 987 1876 1280 1942; x_wconf 89' lang='lat' dir='ltr'>prostrauit</span> <span class='ocrx_word' id='word_1_170' title='bbox 1304 1879 1476 1927; x_wconf 88' lang='lat' dir='ltr'>morte</span> <span class='ocrx_word' id='word_1_171' title='bbox 1500 1875 1736 1944; x_wconf 89' lang='lat' dir='ltr'>puellam</span> 
     </span>
     <span class='ocr_line' id='line_1_27' title="bbox 350 1944 1583 2012; baseline 0.001 -16"><span class='ocrx_word' id='word_1_172' title='bbox 350 1944 637 2012; x_wconf 86' lang='lat' dir='ltr'>Impietate</span> <span class='ocrx_word' id='word_1_173' title='bbox 664 1945 798 2012; x_wconf 86' lang='lat' dir='ltr'>pius,</span> <span class='ocrx_word' id='word_1_174' title='bbox 825 1962 893 1996; x_wconf 92' lang='lat' dir='ltr'>ne</span> <span class='ocrx_word' id='word_1_175' title='bbox 922 1944 1173 1997; x_wconf 85' lang='lat' dir='ltr'>Claudius</span> <span class='ocrx_word' id='word_1_176' title='bbox 1201 1948 1338 1997; x_wconf 88' lang='lat' dir='ltr'>esset</span> <span class='ocrx_word' id='word_1_177' title='bbox 1362 1945 1583 1997; x_wconf 88' lang='lat' dir='ltr'>adulter.</span> 
     </span>
    </p>

    <p class='ocr_par' dir='ltr' id='par_1_13' title="bbox 351 2013 1765 2153">
     <span class='ocr_line' id='line_1_28' title="bbox 351 2013 1706 2083; baseline 0.003 -18"><span class='ocrx_word' id='word_1_178' title='bbox 351 2013 466 2066; x_wconf 89' lang='lat' dir='ltr'>Nec</span> <span class='ocrx_word' id='word_1_179' title='bbox 490 2015 721 2082; x_wconf 91' lang='lat' dir='ltr'>populus</span> <span class='ocrx_word' id='word_1_180' title='bbox 747 2015 884 2066; x_wconf 89' lang='lat' dir='ltr'>liber</span> <span class='ocrx_word' id='word_1_181' title='bbox 913 2019 1066 2083; x_wconf 87' lang='lat' dir='ltr'>capto</span> <span class='ocrx_word' id='word_1_182' title='bbox 1089 2016 1152 2066; x_wconf 90' lang='lat' dir='ltr'>de</span> <span class='ocrx_word' id='word_1_183' title='bbox 1178 2019 1361 2067; x_wconf 90' lang='lat' dir='ltr'>monte</span> <span class='ocrx_word' id='word_1_184' title='bbox 1386 2016 1596 2082; x_wconf 79' lang='lat' dir='ltr'>rediret,</span> <span class='ocrx_word' id='word_1_185' title='bbox 1702 2068 1706 2070; x_wconf 71' lang='grc'><strong>,</strong></span> 
     </span>
     <span class='ocr_line' id='line_1_29' title="bbox 352 2084 1765 2153; baseline 0.001 -17"><span class='ocrx_word' id='word_1_186' title='bbox 352 2084 511 2136; x_wconf 88' lang='lat' dir='ltr'>Plebs</span> <span class='ocrx_word' id='word_1_187' title='bbox 537 2085 642 2136; x_wconf 89' lang='lat' dir='ltr'>nisi</span> <span class='ocrx_word' id='word_1_188' title='bbox 668 2085 980 2153; x_wconf 88' lang='lat' dir='ltr'>sumpsisset</span> <span class='ocrx_word' id='word_1_189' title='bbox 1005 2103 1124 2136; x_wconf 89' lang='lat' dir='ltr'>cum</span> <span class='ocrx_word' id='word_1_190' title='bbox 1150 2085 1394 2137; x_wconf 89' lang='lat' dir='ltr'>libertate</span> <span class='ocrx_word' id='word_1_191' title='bbox 1418 2084 1765 2153; x_wconf 87' lang='lat' dir='ltr'>triumphum.</span> 
     </span>
    </p>
   </div>
   <div class='ocr_carea' id='block_1_6' title="bbox 114 2193 1849 2685">
    <p class='ocr_par' dir='ltr' id='par_1_14' title="bbox 114 2193 1849 2685">
     <span class='ocr_line' id='line_1_30' title="bbox 114 2193 1544 2270; baseline 0.002 -25"><span class='ocrx_word' id='word_1_192' title='bbox 114 2194 209 2270; x_wconf 57' lang='lat' dir='ltr'>sspii-</span> <span class='ocrx_word' id='word_1_193' title='bbox 249 2206 333 2245; x_wconf 87' lang='grc'>260</span> <span class='ocrx_word' id='word_1_194' title='bbox 360 2193 623 2263; x_wconf 79' lang='lat' dir='ltr'>Uidimus,</span> <span class='ocrx_word' id='word_1_195' title='bbox 652 2215 682 2248; x_wconf 95' lang='lat' dir='ltr'>o</span> <span class='ocrx_word' id='word_1_196' title='bbox 710 2197 867 2264; x_wconf 82' lang='lat' dir='ltr'>ciueS,</span> <span class='ocrx_word' id='word_1_197' title='bbox 894 2196 1151 2265; x_wconf 88' lang='lat' dir='ltr'>fugientis</span> <span class='ocrx_word' id='word_1_198' title='bbox 1175 2198 1423 2265; x_wconf 89' lang='lat' dir='ltr'>pauperis</span> <span class='ocrx_word' id='word_1_199' title='bbox 1451 2216 1544 2250; x_wconf 91' lang='lat' dir='ltr'>ora</span> 
     </span>
     <span class='ocr_line' id='line_1_31' title="bbox 157 2245 1845 2337; baseline 0.002 -20"><span class='ocrx_word' id='word_1_200' title='bbox 157 2245 182 2278; x_wconf 64' lang='lat' dir='ltr'><strong>g</strong></span> <span class='ocrx_word' id='word_1_201' title='bbox 202 2258 213 2270; x_wconf 78' lang='grc'><strong>’</strong></span> <span class='ocrx_word' id='word_1_202' title='bbox 358 2263 492 2317; x_wconf 83' lang='lat' dir='ltr'>Cum</span> <span class='ocrx_word' id='word_1_203' title='bbox 518 2267 762 2318; x_wconf 90' lang='lat' dir='ltr'>manibus</span> <span class='ocrx_word' id='word_1_204' title='bbox 789 2268 1081 2334; x_wconf 89' lang='lat' dir='ltr'>quaesisset</span> <span class='ocrx_word' id='word_1_205' title='bbox 1107 2285 1263 2334; x_wconf 91' lang='lat' dir='ltr'>opem</span> <span class='ocrx_word' id='word_1_206' title='bbox 1289 2267 1402 2319; x_wconf 88' lang='lat' dir='ltr'>sine</span> <span class='ocrx_word' id='word_1_207' title='bbox 1430 2286 1559 2320; x_wconf 89' lang='lat' dir='ltr'>uoce</span> <span class='ocrx_word' id='word_1_208' title='bbox 1591 2268 1845 2337; x_wconf 66' lang='lat' dir='ltr'>rogantis</span> 
     </span>
     <span class='ocr_line' id='line_1_32' title="bbox 353 2334 1778 2390; baseline 0.002 -3"><span class='ocrx_word' id='word_1_209' title='bbox 353 2334 626 2387; x_wconf 87' lang='lat' dir='ltr'>Diximus:</span> <span class='ocrx_word' id='word_1_210' title='bbox 653 2336 823 2388; x_wconf 85' lang='lat' dir='ltr'>hostis</span> <span class='ocrx_word' id='word_1_211' title='bbox 850 2337 1011 2388; x_wconf 89' lang='lat' dir='ltr'>adest.</span> <span class='ocrx_word' id='word_1_212' title='bbox 1064 2337 1247 2388; x_wconf 87' lang='lat' dir='ltr'>ueniat</span> <span class='ocrx_word' id='word_1_213' title='bbox 1271 2337 1355 2388; x_wconf 91' lang='lat' dir='ltr'>uir</span> <span class='ocrx_word' id='word_1_214' title='bbox 1380 2337 1535 2390; x_wconf 85' lang='lat' dir='ltr'>fortis</span> <span class='ocrx_word' id='word_1_215' title='bbox 1562 2341 1616 2390; x_wconf 91' lang='lat' dir='ltr'>et</span> <span class='ocrx_word' id='word_1_216' title='bbox 1641 2338 1778 2390; x_wconf 89' lang='lat' dir='ltr'>adsit</span> 
     </span>
     <span class='ocr_line' id='line_1_33' title="bbox 353 2404 1723 2473; baseline 0.002 -17"><span class='ocrx_word' id='word_1_217' title='bbox 353 2404 516 2457; x_wconf 83' lang='lat' dir='ltr'>Cuius</span> <span class='ocrx_word' id='word_1_218' title='bbox 541 2406 698 2473; x_wconf 91' lang='lat' dir='ltr'>inops</span> <span class='ocrx_word' id='word_1_219' title='bbox 725 2406 1007 2458; x_wconf 90' lang='lat' dir='ltr'>simulacra</span> <span class='ocrx_word' id='word_1_220' title='bbox 1033 2409 1194 2469; x_wconf 87' lang='lat' dir='ltr'>tenet,</span> <span class='ocrx_word' id='word_1_221' title='bbox 1223 2407 1308 2458; x_wconf 91' lang='lat' dir='ltr'>cui</span> <span class='ocrx_word' id='word_1_222' title='bbox 1335 2425 1487 2459; x_wconf 90' lang='lat' dir='ltr'>crura</span> <span class='ocrx_word' id='word_1_223' title='bbox 1512 2407 1723 2459; x_wconf 87' lang='lat' dir='ltr'>lacertis</span> 
     </span>
     <span class='ocr_line' id='line_1_34' title="bbox 352 2473 1722 2546; baseline 0.002 -20"><span class='ocrx_word' id='word_1_224' title='bbox 352 2473 535 2527; x_wconf 85' lang='lat' dir='ltr'>Oinxit</span> <span class='ocrx_word' id='word_1_225' title='bbox 561 2477 614 2527; x_wconf 90' lang='lat' dir='ltr'>et</span> <span class='ocrx_word' id='word_1_226' title='bbox 639 2475 704 2527; x_wconf 91' lang='lat' dir='ltr'>ad</span> <span class='ocrx_word' id='word_1_227' title='bbox 729 2476 938 2544; x_wconf 90' lang='lat' dir='ltr'>plantas</span> <span class='ocrx_word' id='word_1_228' title='bbox 964 2480 1261 2544; x_wconf 89' lang='lat' dir='ltr'>prostratus</span> <span class='ocrx_word' id='word_1_229' title='bbox 1287 2477 1499 2546; x_wconf 88' lang='lat' dir='ltr'>plangit</span> <span class='ocrx_word' id='word_1_230' title='bbox 1525 2494 1722 2546; x_wconf 85' lang='lat' dir='ltr'>egenus</span> 
     </span>
     <span class='ocr_line' id='line_1_35' title="bbox 245 2543 1849 2667; baseline 0.004 -74"><span class='ocrx_word' id='word_1_231' title='bbox 245 2554 327 2594; x_wconf 85' lang='grc'>265</span> <span class='ocrx_word' id='word_1_232' title='bbox 353 2543 681 2614; x_wconf 87' lang='lat' dir='ltr'>Belligerum</span> <span class='ocrx_word' id='word_1_233' title='bbox 721 2564 815 2598; x_wconf 90' lang='lat' dir='ltr'>ceu</span> <span class='ocrx_word' id='word_1_234' title='bbox 852 2565 1051 2598; x_wconf 90' lang='lat' dir='ltr'>numen</span> <span class='ocrx_word' id='word_1_235' title='bbox 1090 2546 1308 2598; x_wconf 76' lang='lat' dir='ltr'>habens,</span> <span class='ocrx_word' id='word_1_236' title='bbox 1366 2546 1491 2667; x_wconf 50' lang='lat' dir='ltr'>dugn</span> <span class='ocrx_word' id='word_1_237' title='bbox 1526 2566 1725 2615; x_wconf 90' lang='lat' dir='ltr'>pronus</span> <span class='ocrx_word' id='word_1_238' title='bbox 1762 2547 1849 2599; x_wconf 91' lang='lat' dir='ltr'>ad-</span> 
     </span>
     <span class='ocr_line' id='line_1_36' title="bbox 1464 2621 1622 2685; baseline 0 -17"><span class='ocrx_word' id='word_1_239' title='bbox 1464 2621 1622 2685; x_wconf 88' lang='lat' dir='ltr'>aeret,</span> 
     </span>
    </p>
   </div>
   <div class='ocr_carea' id='block_1_7' title="bbox 241 2755 1847 2922">
    <p class='ocr_par' dir='ltr' id='par_1_15' title="bbox 241 2755 1847 2922">
     <span class='ocr_line' id='line_1_37' title="bbox 358 2755 1846 2811; baseline 0.002 -16"><span class='ocrx_word' id='word_1_240' title='bbox 358 2757 439 2797; x_wconf 82' lang='lat'>233</span> <span class='ocrx_word' id='word_1_241' title='bbox 478 2759 663 2797; x_wconf 78' lang='lat' dir='ltr'>conicias</span> <span class='ocrx_word' id='word_1_242' title='bbox 701 2758 829 2797; x_wconf 86' lang='lat' dir='ltr'>Iusta</span> <span class='ocrx_word' id='word_1_243' title='bbox 868 2761 1040 2810; x_wconf 79' lang='lat' dir='ltr'>pauent</span> <span class='ocrx_word' id='word_1_244' title='bbox 1078 2755 1084 2811; x_wconf 78' lang='grc' dir='ltr'>Ι</span> <span class='ocrx_word' id='word_1_245' title='bbox 1125 2758 1269 2798; x_wconf 84' lang='lat' dir='ltr'>hostis</span> <span class='ocrx_word' id='word_1_246' title='bbox 1379 2760 1459 2798; x_wconf 84' lang='grc'>242</span> <span class='ocrx_word' id='word_1_247' title='bbox 1500 2758 1658 2799; x_wconf 77' lang='lat' dir='ltr'>martis</span> <span class='ocrx_word' id='word_1_248' title='bbox 1765 2760 1846 2799; x_wconf 84' lang='grc'>243</span> 
     </span>
     <span class='ocr_line' id='line_1_38' title="bbox 246 2809 1847 2865; baseline 0.003 -16"><span class='ocrx_word' id='word_1_249' title='bbox 246 2809 447 2851; x_wconf 84' lang='lat' dir='ltr'>clamare</span> <span class='ocrx_word' id='word_1_250' title='bbox 535 2814 617 2853; x_wconf 84' lang='grc'>245</span> <span class='ocrx_word' id='word_1_251' title='bbox 648 2814 862 2852; x_wconf 82' lang='lat' dir='ltr'>Dicerent</span> <span class='ocrx_word' id='word_1_252' title='bbox 947 2815 1029 2854; x_wconf 72' lang='lat'>247</span> <span class='ocrx_word' id='word_1_253' title='bbox 1060 2825 1197 2853; x_wconf 88' lang='lat' dir='ltr'>manu</span> <span class='ocrx_word' id='word_1_254' title='bbox 1284 2815 1365 2854; x_wconf 83' lang='lat'>250</span> <span class='ocrx_word' id='word_1_255' title='bbox 1395 2819 1531 2854; x_wconf 84' lang='lat' dir='ltr'>necat</span> <span class='ocrx_word' id='word_1_256' title='bbox 1561 2815 1615 2865; x_wconf 77' lang='lat' dir='ltr'>(f.</span> <span class='ocrx_word' id='word_1_257' title='bbox 1649 2814 1735 2854; x_wconf 89' lang='lat' dir='ltr'>VII</span> <span class='ocrx_word' id='word_1_258' title='bbox 1768 2816 1847 2854; x_wconf 84' lang='lat'>144</span> 
     </span>
     <span class='ocr_line' id='line_1_39' title="bbox 241 2865 1652 2922; baseline 0.004 -17"><span class='ocrx_word' id='word_1_259' title='bbox 241 2865 406 2907; x_wconf 75' lang='lat' dir='ltr'>Bueelz.</span> <span class='ocrx_word' id='word_1_260' title='bbox 504 2870 588 2908; x_wconf 70' lang='lat'>254</span> <span class='ocrx_word' id='word_1_261' title='bbox 618 2870 836 2921; x_wconf 85' lang='lat' dir='ltr'>uergenia</span> <span class='ocrx_word' id='word_1_262' title='bbox 866 2871 910 2909; x_wconf 86' lang='lat' dir='ltr'>in</span> <span class='ocrx_word' id='word_1_263' title='bbox 940 2871 1126 2922; x_wconf 65' lang='lat' dir='ltr'>margine</span> <span class='ocrx_word' id='word_1_264' title='bbox 1155 2872 1357 2921; x_wconf 61' lang='lat' dir='ltr'>praefixa</span> <span class='ocrx_word' id='word_1_265' title='bbox 1387 2877 1451 2911; x_wconf 78' lang='lat' dir='ltr'>est</span> <span class='ocrx_word' id='word_1_266' title='bbox 1480 2876 1580 2910; x_wconf 85' lang='lat' dir='ltr'>nota</span> <span class='ocrx_word' id='word_1_267' title='bbox 1609 2869 1652 2922; x_wconf 66' lang='grc' dir='ltr'>Ιῗι</span> 
     </span>
    </p>
   </div>
  </div>
 </body>
</html>
