1940 3072
79 506 164 547 210

80 874 163 913 215

79 1243 163 1282 220

78 1610 162 1650 225

77 1978 161 2017 230

857 79 1220 131 ..10—

195 197 435 251 Triccaei
474 196 619 249 sidus
660 198 770 248 stat
805 195 1040 250 nominis
1081 198 1135 248 et
1173 196 1260 249 cui
1297 195 1488 265 pingui

194 275 313 324 ture
352 270 687 339 Epidaureae
724 268 941 322 fumant
979 269 1178 322 altaria
1212 268 1372 323 sedis,

194 345 251 397 in
291 343 464 414 Styga
503 342 739 396 decursis
776 361 1060 412 parcarum
1100 343 1167 396 ab
1208 343 1413 413 origine
1451 342 1586 395 fusis

196 420 458 471 merserat
494 417 854 485 Hippolytum
893 434 1010 469 sors
1048 416 1242 470 ultima
1278 416 1492 485 iamque
1530 434 1627 487 per
1663 416 1801 469 imas

198 491 385 561 Cocyti
421 491 672 544 tenebras
713 493 767 543 et
806 493 1000 560 stagna
1037 490 1314 560 nigrantia
1352 490 1496 543 Ditis

194 565 427 634 portitor
463 565 555 616 ille
595 562 811 617 Charon
850 563 1112 617 Thesidae
1150 564 1264 616 fata
1301 563 1547 616 uehebat.

194 639 283 691 hic
321 638 577 691 inmaturi
617 637 707 690 sed
748 637 890 690 enim
930 638 1214 690 miseratus
1254 638 1505 690 acerbum

195 713 291 765 leti
330 712 651 781 supplicium
689 710 1037 780 Neptunique
1078 729 1268 780 aspera
1305 712 1452 764 iussa

198 786 427 856 algentis
469 789 618 838 artus
657 785 837 839 Erebo
875 786 1064 854 procul
1103 785 1294 838 intimo
1336 786 1575 854 abusque

197 860 421 913 suscitat
460 859 632 928 adque
673 859 885 911 animae
923 877 1136 911 rursum
1174 859 1445 927 tepefacta
1484 859 1661 912 calore

193 933 399 986 uiscera
438 932 735 985 mundanas
775 936 996 986 reuocat
1032 933 1327 986 medicator
1364 932 1422 984 in
1459 950 1596 986 oras,

193 1025 304 1060 non
342 1007 470 1059 tulit
510 1007 846 1075 omnipotens
887 1009 1008 1059 ortu
1048 1006 1298 1075 cuiquam
1337 1009 1590 1076 generato

193 1080 553 1134 Deucalioneo
594 1080 677 1133 fas
719 1097 835 1133 esse
873 1080 1170 1132 nouissima
1207 1080 1324 1132 fata

194 1154 407 1207 uincere
449 1157 502 1207 et
539 1154 808 1207 incassum
848 1154 1126 1206 decurrere
1164 1171 1332 1223 pensa
1372 1171 1615 1207 sororum

195 1246 423 1297 moxque
460 1227 683 1281 trisulca
721 1228 849 1296 polo
888 1228 1152 1280 iaculatus
1191 1227 1420 1281 fulmina
1457 1228 1597 1280 celso

195 1304 249 1354 et
289 1319 446 1370 super
486 1302 659 1354 aeriae
698 1302 919 1354 uibrans
958 1301 1204 1354 incendia
1241 1301 1489 1353 flammae

193 1379 366 1429 morte
406 1378 733 1444 repertorem
771 1375 1067 1427 medicinae
1107 1375 1323 1427 audacis
1362 1375 1420 1426 in
1459 1374 1678 1427 umbras

195 1449 376 1518 deicit,
417 1452 474 1501 at
513 1451 680 1517 gnato
718 1466 973 1517 reparans
1015 1448 1216 1501 solacia
1253 1447 1471 1501 Phoebo

196 1540 490 1591 asperaque
531 1522 752 1574 extincti
791 1522 1078 1575 miseratus
1116 1522 1234 1574 fata
1271 1522 1487 1590 nepotis

197 1613 412 1666 surgere
452 1598 719 1649 nocturno
758 1595 909 1648 iubet
946 1596 1088 1647 inter
1128 1595 1303 1648 sidera
1341 1598 1507 1649 motU.

193 1669 280 1722 hic
321 1687 450 1739 ergo
489 1669 721 1738 insignis
763 1669 954 1721 ardens
994 1687 1160 1722 uenas
1202 1667 1524 1738 ophiuchUS,

193 1742 280 1796 hic
319 1743 522 1812 rigidos
564 1745 713 1795 artus
752 1743 958 1796 formae
999 1743 1399 1810 anguitenentis
1439 1742 1643 1795 honore

195 1816 412 1885 arduus,
451 1816 539 1869 hic
576 1819 760 1869 tantos
799 1817 997 1868 umeris
1038 1816 1378 1868 uibrantibus
1417 1816 1570 1886 ignes

195 1890 417 1959 euomit‚
456 1893 537 1958 ut,
576 1890 735 1958 pleno
777 1908 896 1942 cum
934 1890 1065 1942 luna
1103 1890 1323 1943 nitescit
1361 1890 1419 1941 in
1460 1890 1589 1942 orbe

193 1966 572 2031 menstruaque
609 1963 821 2032 ingenti
858 1964 965 2015 iam
1004 1967 1252 2032 tempora
1292 1963 1483 2015 diuidit
1523 1965 1666 2031 ortU,

193 2054 533 2106 nequaquam
570 2036 730 2088 lentis
772 2037 1050 2089 obscurior
1089 2055 1153 2089 ex
1191 2037 1390 2088 umeris
1430 2037 1522 2088 lux

192 2113 444 2163 marceat.
521 2112 577 2162 at
616 2110 865 2162 manibus
904 2128 1015 2162 non
1054 2128 1255 2178 conpar
1292 2110 1509 2161 flamma
1546 2109 1804 2173 rubescit,

191 2201 318 2234 nam
359 2183 561 2235 suffusa
597 2184 705 2235 leui
744 2183 1087 2253 resplendent
1125 2184 1317 2235 ultima
1355 2183 1493 2251 luce,

310 2376 394 2416 206
421 2372 495 2416 cui
527 2372 589 2416 Vc
613 2385 698 2415 ceu
721 2372 766 2415 A
838 2375 925 2416 208
956 2371 1004 2415 111
1030 2372 1175 2429 Styga
1198 2372 1244 2415 A
1267 2371 1321 2414 In
1343 2371 1486 2427 striga
1515 2371 1556 2414 V
1611 2375 1695 2413 210
1714 2368 1879 2435 Cocyti

192 2445 212 2473 e
245 2429 395 2474 Cociti
434 2430 477 2474 V
506 2430 694 2486 Coccyti
725 2432 770 2474 A
862 2435 946 2474 211
973 2431 1171 2499 portitor
1190 2431 1278 2474 Ae
1308 2429 1512 2474 Portiter
1553 2430 1596 2473 V
1675 2433 1760 2472 213
1793 2426 1877 2471 leti

202 2489 244 2531 V
278 2488 393 2533 loeti
423 2490 469 2532 A
597 2493 682 2533 223
723 2489 866 2533 deicit
904 2490 1081 2533 correxi
1114 2489 1285 2533 Deiicit
1315 2489 1360 2532 A
1392 2488 1577 2533 Deiecit
1616 2488 1659 2531 V
1685 2487 1878 2531 Deiecta

192 2562 213 2591 6
250 2549 266 2603 ss
304 2549 352 2591 at
390 2549 533 2604 gnato
567 2549 735 2604 scripsi
764 2548 937 2605 agnato
976 2548 1092 2591 VAe
1123 2562 1176 2592 ac
1209 2548 1351 2613 gnato
1382 2561 1408 2591 v
1440 2561 1494 2591 ac
1527 2545 1657 2604 gnati
1689 2545 1878 2590 Grotius

192 2608 249 2672 cf.
274 2606 462 2651 Hermes
496 2607 585 2649 XI
604 2620 653 2662 p.
687 2610 780 2651 249
812 2621 856 2650 n.
884 2611 912 2650 7
1000 2610 1085 2649 228
1117 2605 1408 2650 uibrantibus
1440 2605 1508 2650 Ve
1537 2605 1764 2649 uibrantis
1793 2604 1839 2648 A
1861 2604 1876 2662 Η

191 2665 321 2720 ignes
353 2665 413 2709 Ve
443 2666 491 2709 in
524 2666 707 2719 (deleuit
736 2679 791 2708 m.
817 2667 864 2721 1)
895 2664 1026 2722 ignes
1049 2665 1095 2708 A
1181 2670 1265 2709 229
1297 2664 1487 2709 nitescit
1513 2679 1539 2709 v
1562 2663 1759 2708 nitescet
1790 2663 1876 2706 VA

190 2723 390 2768 nitescet
421 2738 442 2767 6
533 2729 618 2767 230
648 2723 828 2780 ingenti
857 2737 884 2767 v
916 2723 1107 2780 augenti
1148 2723 1233 2767 VA
1266 2723 1424 2780 agenti
1455 2738 1476 2767 e
1558 2727 1643 2766 233
1675 2721 1876 2778 resplen-

193 2780 303 2824 dent
343 2781 387 2824 V
412 2782 696 2837 respondent
726 2782 771 2825 A
805 2782 1098 2838 resplendeat
1129 2797 1150 2826 6
