1940 3072
27 823 85 864 85

29 1194 86 1235 90

30 1563 86 1604 95

30 1933 88 1974 00

18 2301 89 2343 105

782 176 1145 228 „57-

118 292 327 361 nauita,
368 310 527 362 quom
566 292 791 362 longum
830 292 976 345 facili
1014 296 1128 346 rate
1169 296 1405 346 curreret
1444 312 1664 364 aequor,

119 369 173 419 et
211 384 373 436 quom
410 366 550 419 ruris
592 385 779 420 amans
818 367 1003 419 telluri
1041 367 1186 420 farra
1223 367 1435 436 parenti

119 439 379 493 crederet:
416 439 628 510 ingenti
664 443 817 510 petat
854 441 987 493 haec
1024 441 1277 511 indagine
1318 459 1529 511 semper

119 531 212 567 seu
252 513 343 583 qui
381 513 503 566 uela
543 515 681 583 sa10,
720 533 813 568 seu
854 515 944 584 qui
983 515 1078 568 dat
1117 515 1324 568 semina
1362 519 1552 569 terrae.

119 605 217 641 nec
256 605 408 641 mora
447 586 708 657 discendi,
745 589 926 642 breuis
964 589 1053 642 hic
1090 589 1245 642 labor
1285 592 1340 642 et
1378 589 1540 643 breue
1578 593 1791 660 tempus

117 661 381 731 poscitur,
419 662 731 715 innumeros
770 662 938 716 habet
975 666 1155 715 autem
1193 663 1461 716 industria
1498 665 1720 718 fructus,

117 735 323 788 utilitas
363 738 418 788 te
458 739 604 789 certa
642 739 843 805 manet,
880 754 1231 805 praenoscere
1272 740 1451 790 motus

119 810 165 862 si
203 809 338 862 libet
376 810 548 863 aerios
589 812 644 863 et
679 811 1094 880 tempestatibus
1133 811 1265 879 ipsis

120 883 274 936 edere
313 883 654 953 principium.
730 887 785 936 te
824 885 1058 953 primum
1098 887 1290 954 sponte
1330 886 1579 954 procellis

124 957 328 1010 arcebis
367 958 567 1027 rapidis
577 1000 590 1027 ,
628 960 682 1010 te
721 977 935 1011 rursum
972 958 1214 1027 principe
1252 959 1444 1012 fluctus

117 1031 370 1085 uitabunt
409 1031 526 1101 alii,
566 1032 612 1086 si
651 1032 811 1085 certis
852 1033 1069 1102 singula
1107 1032 1276 1102 signis

119 1108 366 1174 tempora
405 1105 692 1160 discernas.
767 1124 895 1159 nam
935 1106 1122 1159 mundi
1162 1106 1374 1159 cardine
1412 1125 1569 1160 uerso

119 1182 180 1232 ut
218 1182 361 1232 stata
399 1180 673 1233 raucisoni
710 1180 849 1233 redit
886 1180 1186 1250 indignatio
1226 1181 1396 1249 ponti.

120 1271 277 1322 saepe
319 1254 515 1306 etenim
535 1272 880 1338 'quamquam
918 1254 1246 1323 tranquillae
1285 1255 1462 1308 noctis
1503 1255 1702 1308 amictu

118 1327 272 1379 mitia
310 1313 562 1397 protentl
590 1328 928 1397 requiescant
965 1330 1122 1398 terga
1159 1328 1425 1397 profundi.

118 1401 305 1454 doctus
347 1420 588 1454 securam
628 1402 876 1455 subducit
915 1403 982 1455 ab
1024 1420 1253 1471 aequore
1294 1403 1517 1456 classem

116 1475 304 1528 nauita
343 1478 396 1528 et
435 1477 622 1528 actaea
659 1477 857 1528 retinet
897 1476 1129 1528 statione
1168 1476 1473 1546 phaselum,

119 1566 240 1601 cum
278 1550 577 1602 matutinae
615 1550 919 1619 praesensit
959 1550 1116 1619 signa
1152 1551 1436 1619 procellae.

117 1635 350 1692 namque
392 1624 525 1676 alias
566 1625 713 1677 caelo
754 1642 874 1677 curn
912 1624 1074 1676 tertia
1111 1624 1318 1677 lumina
1357 1624 1609 1678 Phoebus

121 1698 339 1766 exserit,
378 1697 469 1749 ille
510 1698 610 1749 sali
649 1698 780 1750 furit
818 1698 1157 1766 inplacabilis
1196 1698 1409 1767 horror,

119 1770 301 1823 adfore
342 1789 500 1840 quem
538 1772 733 1841 pelago
775 1772 1027 1824 comitem
1068 1772 1174 1824 sibi
1214 1771 1421 1824 dixerat
1460 1774 1679 1825 astrum.

119 1844 304 1898 crebro
346 1845 532 1914 quinta
572 1845 764 1898 dehinc
802 1845 894 1897 lux
935 1848 1239 1898 commouet
1278 1844 1674 1914 Amphitriten,

122 1936 278 1987 saepe
317 1918 542 1987 inopina
580 1920 711 1972 mali
750 1919 928 1972 clades
967 1920 1092 1971 ruit.
1169 1917 1351 1972 omnia
1390 1920 1547 1972 certis

119 1991 332 2045 indiciis
370 1993 472 2045 tibi
510 1993 638 2045 luna
678 1993 850 2062 dabit,
891 2011 983 2046 seu
1022 1993 1158 2045 lucis
1198 1993 1466 2062 utrimque

121 2084 276 2119 caesa
315 2066 509 2136 facem,
550 2085 644 2120 seu
684 2085 804 2120 cum
843 2070 1070 2120 teretem
1111 2067 1403 2120 concrescit
1440 2067 1498 2118 in
1538 2067 1737 2119 orbem.

121 2140 201 2193 sol
242 2158 454 2209 quoque
492 2144 749 2194 uenturas
791 2141 963 2209 aperit
1001 2141 1102 2193 tibi
1143 2158 1299 2209 saepe
1338 2140 1627 2210 procellaS,

122 2214 297 2266 sidera
333 2214 632 2283 producens
674 2218 727 2267 et
766 2233 884 2267 cum
926 2215 1036 2267 sale
1078 2214 1254 2266 sidera
1293 2214 1492 2267 condit.

193 2286 307 2341 Nec
346 2288 524 2341 minus
565 2307 629 2342 ex
668 2289 789 2341 aliis
831 2288 1003 2341 aderit
1042 2304 1364 2357 cognoscere
1403 2290 1583 2341 motus

243 2481 356 2521 1378
396 2491 533 2533 quom
573 2478 739 2533 scripsi
779 2491 870 2533 quo
912 2476 998 2520 VA
1122 2481 1234 2520 1379
1276 2478 1323 2519 et
1364 2490 1501 2532 quom
1533 2477 1698 2531 scripsi
1729 2475 1807 2520 Et-

123 2549 270 2590 quora
311 2536 355 2579 V
381 2536 442 2581 Et
471 2538 587 2592 quot
616 2537 662 2579 A
694 2536 910 2593 Aequora
942 2551 963 2579 e
985 2537 1000 2591 ΙΙ
1023 2535 1140 2579 ruris
1172 2550 1193 2578 e
1223 2534 1340 2579 raris
1383 2535 1425 2577 V
1456 2534 1548 2578 aris
1580 2536 1624 2577 A
1648 2537 1664 2591 ΙΙ
1686 2535 1810 2578 farra

132 2593 175 2637 V
206 2594 333 2638 fama
363 2596 408 2638 A
532 2600 644 2639 1381
685 2609 765 2639 seu
804 2595 885 2651 qui
925 2595 1006 2639 dat
1044 2608 1065 2638 e
1105 2608 1215 2638 seuo
1251 2594 1360 2648 quid
1392 2595 1443 2637 at
1483 2594 1525 2636 V
1553 2607 1662 2653 seno
1697 2593 1809 2649 quid

123 2655 173 2697 at
204 2654 247 2696 A
357 2658 468 2698 1382
500 2654 577 2698 hic
608 2668 634 2698 v
664 2654 756 2698 huc
797 2654 916 2697 VAe
1033 2657 1145 2697 1384
1175 2666 1478 2710 praenoscere
1519 2652 1562 2695 V
1588 2666 1809 2721 praenos-

125 2725 224 2756 sere
256 2713 302 2756 A
403 2718 516 2758 1387
549 2713 723 2769 rapidis
764 2712 888 2756 VAe
918 2712 1092 2756 rabidis
1124 2726 1150 2756 v
1253 2716 1365 2756 1388
1399 2710 1542 2767 signis
1574 2713 1658 2755 Ae
1687 2711 1808 2767 ignis

133 2770 175 2813 V
294 2776 405 2816 1393
446 2785 644 2828 aequore
676 2772 760 2816 Ae
800 2785 997 2827 aequore
1040 2771 1082 2814 V
1200 2775 1313 2814 1396
1346 2770 1461 2814 alias
1494 2783 1519 2813 v
1553 2770 1646 2813 alia
1686 2770 1810 2815 VAe

127 2833 237 2874 1401
273 2831 504 2887 utrimque
547 2830 589 2874 V
616 2833 815 2887 utruque
848 2834 892 2874 A
1015 2835 1127 2873 1402
1162 2843 1297 2874 caesa
1328 2831 1372 2872 A
1406 2829 1541 2873 Cessa
1582 2829 1666 2884 Vn
1701 2842 1807 2873 con-

125 2889 290 2933 crescit
318 2890 363 2933 A
396 2888 646 2934 concressit
685 2890 728 2933 V

1828 457 1871 490 55

1831 826 1874 861 60

1831 1196 1873 1229 65

1833 1565 1875 1597 70

1831 2302 1874 2334 80
