1940 3072
731 145 846 191 vm·
871 149 1096 201 235÷299
1194 122 1211 154 ³
1368 131 1370 133 ’
1648 147 1719 202 39

217 269 383 324 Iussit
407 271 474 324 ab
498 271 663 325 Iliaco
689 271 922 326 delectos
945 291 1168 345 pergere
1193 292 1362 344 regno
1732 290 1785 329 tp.
1807 290 1866 332 48]

219 340 307 394 Ad
330 344 426 394 tua
449 359 639 413 regna,
665 346 859 412 potens
882 361 1194 414 germanam
1218 345 1359 416 regis
1384 348 1445 398 ut
1468 344 1627 400 heros

219 409 498 465 Bellorum
523 415 821 480 quam-iure
845 416 997 467 tenes
1021 415 1077 467 in
1102 433 1233 484 pace
1258 415 1538 469 refundas:

115 491 200 533 270
216 481 460 535 Posceris
484 481 776 542 Hesionen.
831 484 969 537 iacet
992 485 1185 554 ingens
1211 485 1372 539 Troia
1397 486 1599 539 fauillis

217 551 429 605 Excidii
455 570 758 622 compressa
782 555 889 622 sui,
915 573 1015 607 nec
1040 555 1302 626 Pergama
1326 556 1515 610 ductor

219 621 519 675 Surrexisse
543 627 700 692 putat
723 624 829 676 nisi
853 625 986 693 iam,
1023 643 1116 678 rex
1140 644 1360 695 magne,
1388 645 1626 680 sororem
1692 664 1698 680 ³

218 691 529 745 Reddideris
554 695 670 763 regi
690 712 831 763 quae
856 713 1001 747 nunc
1026 696 1240 764 captiua
1263 699 1492 750 tenetur.

219 762 397 832 Turpe
423 763 569 816 ducis
596 765 795 817 seruire
820 783 990 834 genus
1017 766 1322 834 crimenque
1346 770 1569 834 putatur

111 843 196 884 275
219 831 278 886 Si
299 852 414 886 non
438 834 580 886 bella
605 834 808 887 dabunt
830 835 947 904 regi
973 835 1117 904 quod
1141 836 1282 888 bella
1305 836 1548 890 tulerunt

218 903 277 957 Si
301 923 405 973 pax
429 903 533 957 hoc
559 908 744 973 optata
767 908 944 975 negat.
997 923 1095 974 pro
1119 923 1245 975 rege
1269 907 1503 975 rogaris:

215 973 292 1027 Te
317 993 374 1027 re
415 975 572 1027 etisse
596 979 728 1043 puta
752 974 967 1028 Priamo
997 976 1261 1028 retinente
1287 994 1550 1045 sororem,

214 1044 345 1098 Non
370 994 524 1097 dolor
548 1049 779 1098 armaret
803 1046 848 1097 si
872 1063 986 1097 non
1012 1046 1161 1097 daret
1184 1046 1275 1097 ille
1300 1050 1520 1115 rogatus

215 1113 373 1177 Quod
390 1118 614 1183 petereS‚
635 1115 890 1168 Telamon
902 1116 930 1167 ἶ)
957 1116 1128 1167 6661116
1146 1120 1228 1168 est
1246 1119 1300 1168 et
1318 1115 1463 1168 fama
1478 1117 1714 1186 pudoriS‚

106 1195 195 1235 280
211 1184 466 1239 Nascitur
488 1186 695 1239 inuidia
720 1185 935 1238 Priamo
962 1189 1223 1255 regnante
1248 1204 1486 1238 sororem

218 1255 538 1325 Graiugenis
565 1256 764 1308 seruire
790 1274 966 1323 suam,
992 1256 1134 1308 liuor
1157 1256 1328 1308 malus
1354 1256 1478 1308 inde

218 1325 490 1380 Creditur:
533 1326 748 1378 ‘Iliacas
774 1327 953 1393 potuit
977 1344 1224 1393 reparare
1248 1326 1461 1378 ruinas'

215 1396 460 1448 Murmur
471 1397 572 1448 erit
581 1395 900 1465 PhrygibuS,
923 1399 1243 1448 ‘consortem
1259 1397 1536 1465 sanguinis
1553 1415 1716 1450 unam

214 1466 344 1520 Non
368 1467 568 1519 ualuit’
596 1466 776 1518 dicent
803 1468 1007 1517 ‘rector
1033 1465 1096 1517 de
1122 1483 1247 1535 rege
1273 1467 1512 1518 mereri'.

110 1548 194 1587 285
217 1537 456 1590 Dixerat.
509 1540 565 1589 at
588 1536 847 1588 Telamon
871 1540 1078 1588 mentes
1104 1536 1345 1588 armabat
1368 1536 1427 1588 in
1451 1536 1581 1605 iras7

216 1607 357 1660 Nam
385 1607 554 1676 pietas
580 1606 798 1659 affectus
825 1625 975 1658 amor
1002 1606 1284 1659 concordia
1308 1606 1486 1674 proles

218 1677 534 1730 Accendunt
558 1680 735 1729 motus
761 1677 819 1728 in
843 1680 1059 1744 pectore
1084 1676 1227 1728 fellis
1254 1677 1435 1729 amari.

220 1747 523 1801 Conubium
549 1748 727 1815 regni,
754 1747 979 1798 thalami
1005 1747 1274 1799 consortia
1301 1747 1431 1799 casti

218 1817 469 1871 Scindere
494 1818 811 1885 poscebant,
840 1819 893 1868 et
918 1816 1060 1885 quod
1085 1835 1235 1868 mens
1259 1817 1411 1868 nulla
1436 1817 1670 1885 tulisset,

113 1899 195 1940 290
217 1888 397 1940 Aiacis
422 1888 557 1939 haec
581 1890 751 1939 mater
777 1890 904 1938 erat.
956 1887 1029 1938 sic
1056 1887 1248 1954 incipit
1274 1904 1363 1938 ore

218 1958 483 2011 Turbidus
509 1956 766 2009 Aeacides
798 1958 938 2008 iusta
963 1974 1245 2008 succensus
1271 1957 1330 2007 in
1355 1956 1457 2007 ira:
1734 1983 1785 2022 [p.
1805 1983 1866 2022 49]

221 2032 236 2055 ‘
252 2027 308 2082 Si
333 2027 506 2096 pudor
529 2027 707 2079 Iliacis
733 2030 826 2079 aut
850 2027 1119 2078 mentibus
1146 2029 1284 2078 esset
1307 2025 1585 2094 honestas⁷

218 2098 500 2151 Excidium
526 2097 717 2150 Troiae
743 2098 787 2149 si
813 2100 1030 2164 pectora
1056 2097 1197 2148 uicta
1221 2095 1486 2162 dolerent,

221 2168 515 2221 Herculeos
541 2168 760 2220 comites
786 2166 986 2219 Priami
1013 2183 1144 2236 gens
1170 2165 1366 2234 praeda
1389 2165 1677 2234 Pelasgum

113 2250 197 2290 295
219 2239 271 2292 N
276 2257 346 2291 on
371 2239 542 2308 magis
569 2238 826 2290 auderent
849 2238 907 2288 in
932 2237 1072 2289 bella
1095 2237 1351 2288 lacessere
1379 2234 1568 2288 Graios

225 2308 528 2362 Semideum
554 2311 675 2377 post
699 2308 840 2359 bella
866 2307 1085 2374 ducum,
1114 2307 1305 2375 quibus
1330 2306 1460 2358 Ilios
1485 2306 1677 2376 ingens

220 2378 383 2431 Uicta
406 2379 557 2431 iacet.
607 2378 877 2446 placuitne
902 2377 1133 2445 Phrygis
1157 2377 1391 2445 periuria
1415 2377 1592 2445 gentis

223 2448 441 2501 Soluere
466 2466 565 2501 uos
590 2449 809 2515 iterum,
837 2447 883 2498 61-
908 2446 1106 2498 dudum
1132 2465 1299 2514 parua
1324 2446 1498 2497 luistis

223 2518 532 2587 Supplicia?
569 2517 785 2570 Priamo
811 2517 976 2569 Troes
1002 2535 1120 2568 mea
1146 2515 1286 2568 dicta
1311 2515 1530 2567 referte:

229 2662 311 2701 270
348 2661 566 2702 Posteris.
625 2660 757 2710 Quod
798 2665 926 2711 potes
967 2656 1362 2709 ΙΜΙΗ6610116111
1477 2659 1559 2697 272
1599 2654 1642 2696 izi
1679 2658 1724 2697 in

117 2729 274 2757 rasura
388 2719 470 2758 276
502 2729 583 2770 por
613 2729 719 2767 rege
751 2730 862 2756 corr.
898 2715 985 2754 IM
1088 2715 1169 2754 278
1201 2713 1271 2752 1111
1301 2726 1414 2754 corr.
1448 2712 1539 2752 IM
1640 2714 1722 2754 279

116 2773 288 2825 peteris
403 2774 486 2813 284
517 2773 675 2813 meieri
773 2773 854 2813 287
887 2769 1126 2810 Accedunt
1156 2782 1269 2810 corr.
1302 2768 1394 2808 JM
1490 2769 1573 2809 298
1603 2766 1722 2808 Con-

118 2828 305 2868 nubium
458 2830 540 2869 290
584 2828 780 2880 incipiat
817 2840 931 2868 corr.
974 2825 1061 2865 [M
1200 2826 1279 2865 291
1313 2823 1494 2864 eacides
1639 2825 1721 2865 293

118 2883 242 2925 iucta
275 2883 487 2925 dolorent
516 2897 629 2925 corr.
661 2884 689 2923 I
699 2884 749 2924 M
