1940 3072
215 118 248 170 3
847 115 1176 158 HERCULES

84 259 137 298 [p.
159 258 195 297 ε]
326 241 407 294 Tu
431 241 565 294 mihi
589 258 790 293 numen
816 240 918 292 eris
945 240 990 292 si
1015 239 1250 292 carmina
1273 241 1459 292 nostra
1481 239 1702 308 leuariS‚

242 323 297 362 20
321 311 462 365 Nam
512 315 606 363 tua
662 311 770 362 sint
819 327 1164 379 quaecunque
1217 309 1410 378 loquor
1463 326 1818 379 quaecunque·
1867 290 1895 333 '-
1928 324 1935 339 '⁶

1395 397 1662 432 canemus.

215 591 303 646 IV.
348 592 476 660 Exp.
501 591 781 659 praefatio,
829 590 1028 659 Incipit
1051 590 1334 644 adlocutic.
1382 591 1555 644 Uerba
1577 589 1824 643 Herculis

335 680 448 719 cum
471 664 681 718 uideret
703 663 1200 806 Ηγᾶτζὲεῗθέἓὲἓέἓ
1225 664 1403 732 capita
1425 663 1694 732 pullulare

320 879 563 947 Iuppiter
589 881 954 948 omnipotens,
982 880 1109 931 celsi
1135 880 1442 932 moderator
1469 879 1685 948 Olympi
1704 920 1718 947 ,

323 949 430 1002 Cur
452 949 589 1001 mihi
614 951 818 1018 uiperei
844 950 985 1002 fetus
1012 950 1153 1002 mala
1177 950 1290 1002 fata
1315 950 1630 1002 minantur?

322 1019 397 1071 Te
422 1023 707 1089 regnante,
734 1038 949 1088 parens,
984 1020 1042 1071 in
1067 1038 1151 1071 me
1179 1020 1425 1072 coniurat
1449 1021 1636 1088 iniqua

323 1089 636 1156 Serpentum
662 1091 878 1142 cristata
901 1107 1106 1142 manus,
1158 1089 1249 1141 sed
1273 1089 1413 1142 forte
1440 1090 1655 1158 superbi

273 1171 298 1208 5
325 1159 485 1212 Nune
511 1160 713 1211 caelum
747 1163 915 1211 terras
949 1163 1176 1228 pontum
1201 1159 1513 1228 fulmenque
1538 1159 1820 1212 trisulcum

322 1229 562 1282 Heredes
590 1232 643 1281 et
666 1229 804 1281 Iuno
831 1233 1042 1298 tenent,
1071 1248 1162 1281 seu
1187 1229 1424 1299 fulgidus
1452 1237 1573 1282 ortu

325 1299 551 1352 Promis
576 1299 642 1351 ad
667 1303 834 1351 terras
860 1318 952 1352 seu
979 1301 1085 1352 iam
1112 1299 1349 1352 defessus
1374 1300 1556 1352 anheli

325 1368 522 1422 Sideris
549 1387 739 1422 occasu
763 1373 996 1421 maestus
1021 1373 1116 1422 tua
1140 1387 1308 1438 regna
1332 1370 1607 1439 relinquis

323 1439 593 1507 Paenitet,
621 1440 758 1491 alme
783 1457 1002 1507 parem,
1035 1443 1214 1491 uestra
1239 1440 1301 1491 de
1328 1440 1491 1508 stirpe
1519 1443 1753 1492 creatum

244 1519 297 1558 10
323 1509 591 1577 Alcidem,
620 1510 746 1578 quia
770 1510 951 1561 nullus
976 1510 1149 1562 honos
1176 1513 1230 1561 et
1253 1510 1399 1561 mille
1425 1510 1639 1578 pericla.

323 1578 463 1631 Nam
486 1579 839 1648 quodcunque
858 1580 1060 1631 malum
1085 1598 1302 1648 superas
1327 1580 1553 1649 emergit
1571 1581 1629 1632 in
1648 1598 1825 1650 auras,

323 1649 569 1701 Herculis
596 1650 765 1702 hostis
793 1650 907 1701 erit.
955 1668 1051 1718 per
1074 1668 1174 1702 nos
1199 1668 1325 1702 nam
1350 1650 1491 1702 bella
1516 1652 1804 1720 geruntur,

326 1720 463 1771 Iuno
490 1737 723 1771 nouerca
747 1719 929 1771 furens
961 1720 1138 1788 potuit
1164 1738 1298 1788 quae
1324 1720 1469 1772 uicta
1493 1738 1679 1788 parare

326 1789 586 1858 Priuigno
600 1831 613 1857 ‚
640 1792 827 1841 natum
853 1808 1010 1858 quem
1036 1791 1350 1858 comprobat
1375 1808 1488 1842 esse
1514 1790 1776 1843 Tonantis

247 1869 298 1909 15
325 1859 469 1911 Dum
503 1860 659 1912 nobis
694 1860 955 1912 immensa
979 1860 1151 1927 iubet,
1190 1878 1273 1912 me
1307 1878 1511 1929 proque
1535 1861 1824 1929 triumphis

325 1929 558 1981 Horrida
582 1930 724 1982 bella
748 1934 969 1982 manent
995 1933 1047 1982 et
1071 1949 1350 1998 nunquam
1375 1935 1514 1982 stare
1540 1931 1723 1983 licebit

326 1999 495 2051 Hoste
522 2000 636 2051 sine
661 2001 1005 2068 trucibusque
1034 2000 1124 2051 diu
1157 2018 1469 2052 concurrere
1495 2001 1749 2053 monstris

329 2068 648 2136 Compellor.
710 2073 948 2138 genitor,
975 2074 1027 2122 te
1053 2071 1110 2121 in
1134 2074 1346 2122 nosmet
1373 2071 1603 2138 pessima
1628 2071 1823 2124 coniux

327 2138 627 2206 Horrescit,
654 2140 847 2193 misero
876 2158 1084 2208 semper
1107 2143 1167 2192 tu
1195 2157 1351 2192 eausa
1376 2140 1564 2208 pericli
1591 2158 1661 2193 es,

246 2219 300 2258 20
324 2207 466 2261 Nam
490 2210 625 2260 mihi
649 2213 921 2278 reptantes
945 2209 1153 2263 tumida
1179 2211 1384 2262 ceruice
1411 2210 1667 2263 dracones

327 2278 463 2331 Iuno
492 2279 623 2331 duos
648 2280 817 2347 misit,
847 2281 965 2348 quis
990 2280 1225 2332 frontem
1251 2281 1411 2332 crista
1435 2281 1678 2349 tegebat,

326 2347 600 2401 Flammea
626 2349 717 2401 lux
744 2350 910 2402 oculis
927 2392 941 2418 ,
969 2368 1067 2418 pro
1094 2351 1295 2418 spumis
1319 2354 1459 2402 tetra
1483 2368 1715 2418 uenena,

335 2562 377 2599 in
407 2562 682 2613 inscriptione
715 2562 875 2614 pulare
991 2565 1018 2603 4
1049 2578 1128 2604 uno
1160 2566 1385 2617 eodemque
1410 2570 1651 2604 octonarum
1681 2564 1824 2603 litera-

221 2629 311 2655 rum
347 2618 487 2667 spatio
527 2622 733 2671 quattuorN
762 2632 910 2658 uersus·
939 2633 964 2658 a
996 2622 1181 2671 maryine
1211 2621 1362 2660 remoti
1396 2625 1492 2660 sunt
1520 2622 1524 2664 1
1551 2620 1676 2658 nium
1797 2620 1824 2659 8

222 2675 420 2711 maestos
519 2675 566 2711 11
603 2685 824 2725 superans
858 2687 905 2714 se
936 2675 1081 2715 uincit
1111 2678 1379 2727 corruptelae
1409 2677 1528 2726 siyno
1560 2687 1608 2714 se
1640 2679 1825 2715 notatum

225 2727 276 2766 15
309 2739 488 2778 quoque
608 2730 659 2769 18
691 2733 735 2768 te
767 2730 814 2768 in
846 2728 1043 2783 nosmet]
1078 2737 1319 2783 corruptum
1349 2732 1530 2772 uidetur.
1584 2732 1727 2770 sensui
1753 2742 1823 2769 re·

222 2784 403 2832 spondet
430 2787 492 2834 te,
524 2797 614 2824 non
646 2798 715 2824 me
822 2787 872 2826 19
906 2786 1110 2826 Orreseit
1205 2789 1258 2827 20
1288 2787 1491 2839 reptanti
1522 2799 1633 2827 corr.
1662 2786 1822 2826 Buech.

227 2838 280 2876 ‘22
302 2841 429 2878 tecta
461 2842 731 2892 corruptelae
761 2842 878 2893 signo
911 2848 1095 2882 notatum
1125 2856 1237 2883 corr.
1267 2843 1426 2885 Bueclz.
