1940 3072
735 163 850 210 vm
878 151 1116 210 eoo-362⁷
1156 168 1160 171 “
1649 165 1719 219 41

6 234 46 365 ξ
90 331 94 334 -
120 326 141 355 4
220 291 338 346 Nos
364 292 738 346 etadoramus.
787 310 902 346 non
927 292 1002 363 sic
1027 293 1073 345 si
1097 291 1260 345 Troia
1283 294 1526 345 maneret

5 356 70 415 ἐἶ’
221 360 465 416 Nuberet
490 362 740 416 Hesione.
786 380 1012 432 regnum
1038 363 1250 431 captiua
1274 365 1530 431 meretur,

3 408 38 485 2}
222 431 314 486 Fit
335 433 466 486 felix
489 432 555 486 de
579 437 721 486 sorte
741 433 914 500 mala,
939 433 1002 485 fit
1026 432 1222 501 praeda
1244 432 1510 500 potestas,

1 489 35 578 {4¹3³
117 512 200 554 835
219 501 513 583 Imperium
538 502 602 555 de
628 502 776 557 clade
801 506 974 572 tenet,
1001 503 1243 555 diadema
1265 502 1459 555 tiaram

0 572 48 653 'fl
225 571 329 635 Qur
349 573 475 626 tulit
492 574 606 641 ipse
627 572 786 625 dedit.
831 591 966 641 quae
992 574 1062 626 sit
1079 591 1211 644 gens
1229 572 1499 640 Dardana,
1525 574 1718 641 rector,
1859 633 1869 643 ‚¹

0 654 77 711 ξ
146 671 150 675 ·
222 642 435 696 Exhinc
457 661 618 696 nosce
642 661 857 711 precor:
895 645 1067 696 nescit
1091 643 1290 696 seruire
1318 643 1538 696 subacta
1733 658 1784 699 [p.
1809 656 1868 698 51]

0 699 35 783 ξι
224 711 396 775 Quam
421 712 610 766 melius
635 731 859 783 regnare
885 713 1059 782 decet,
1086 714 1218 765 haec
1243 713 1472 781 imperat
1495 713 1658 782 Argis

0 784 42 852 {f-
221 783 327 836 Per
351 801 485 852 quos
510 784 655 836 uicta
676 784 832 852 perit,
860 783 1132 836 dominam
1158 783 1260 835 sibi
1280 783 1504 835 Graecia
1526 782 1723 835 uictrix

0 864 21 925 ,ξ
58 865 61 867 ·
117 863 201 904 340
218 852 348 907 Non
371 853 629 906 famulam
647 853 913 922 quaesiuit
935 871 1120 907 ouans,
1161 853 1405 906 miranda
1422 871 1518 921 per
1537 853 1722 906 orbem

0 931 17 988 3
222 923 378 976 Mens
403 941 663 993 generosa
688 923 835 976 ducis
862 942 998 992 quae
1022 942 1134 976 non
1159 923 1280 975 uult
1307 940 1472 993 regna
1497 941 1721 993 grauare

0 994 18 1062 ξ
225 993 360 1047 Cum
385 994 594 1046 ruerint
617 994 816 1046 uirtute
842 997 949 1047 tua.
999 995 1236 1046 releuare
1262 994 1495 1047 iacentes

0 1078 14 1131 ‚³³
225 1063 310 1121 Et,
322 1081 475 1133 reges
499 1082 724 1134 regnare
749 1064 899 1116 iubes
924 1082 1182 1134 regesque
1209 1082 1387 1116 creare

0 1134 19 1162 ³·
223 1133 367 1186 Dum
392 1138 615 1202 possent
638 1135 837 1186 seruire
865 1135 980 1187 tibi.
1035 1153 1148 1187 sors
1175 1152 1324 1187 cassa
1347 1134 1510 1186 duelli

0 1165 19 1287 ἑ
115 1213 199 1258 345
219 1203 294 1256 Te
319 1204 629 1257 moderante
653 1208 810 1257 uacat
833 1222 932 1256 nec
959 1207 1187 1273 possunt
1210 1204 1351 1256 bella
1375 1222 1583 1257 nocere.

0 1290 21 1348 ς,
222 1273 297 1326 Te
323 1274 574 1326 uincente
598 1278 791 1343 potens
821 1275 940 1343 quis
967 1275 1107 1328 nolit
1132 1276 1308 1328 uictus
1333 1275 1392 1326 in
1417 1274 1579 1326 armis

225 1343 380 1398 Sorte
405 1348 500 1396 tua
521 1348 646 1413 post
672 1345 810 1397 bella
835 1345 992 1413 capi?
1043 1345 1135 1413 qui
1161 1345 1352 1396 uicerit
1376 1345 1546 1397 hostis

224 1412 435 1467 Seruiet
460 1418 514 1467 et
537 1415 668 1467 uicti
692 1415 882 1467 melius
908 1419 961 1467 te
987 1415 1230 1483 praesule
1254 1417 1499 1483 regnant.
1515 1420 1529 1440 '

0 1527 9 1552 ᾖ
222 1483 371 1538 Haec
394 1484 603 1554 legatus
628 1485 718 1537 ait.
770 1485 912 1555 regis
938 1486 1043 1538 iam
1070 1485 1229 1538 corda
1253 1487 1535 1552 tepescunt

0 1560 51 1640 3>
94 1563 202 1605 350
224 1553 370 1616 Quae
395 1554 612 1608 fuerant
635 1573 857 1608 accensa
882 1556 1059 1608 minis.
1111 1556 1187 1608 sic
1211 1572 1408 1624 magna
1431 1555 1604 1607 leonis

0 1644 10 1655 ‘
221 1624 310 1677 Ira
333 1625 514 1678 fremit
539 1643 658 1677 cum
684 1626 796 1678 lata
819 1626 1007 1694 procul
1033 1626 1302 1678 uenabula
1327 1643 1547 1677 cernens

223 1693 489 1747 Uenantis
513 1697 743 1764 crispare
769 1715 932 1748 manu
958 1697 1064 1748 iam
1090 1696 1313 1748 uerbera
1337 1695 1534 1747 caudae

221 1763 456 1817 Naribus
481 1766 745 1818 incutiens
771 1767 977 1835 spargit
1000 1785 1096 1834 per
1121 1766 1260 1819 colla
1283 1783 1379 1834 per
1403 1783 1579 1818 armos

0 1870 13 1906 ἰ
222 1834 419 1887 Erecta
443 1836 647 1887 ceruice
675 1836 826 1888 iubas
840 1878 854 1903 ‚
881 1837 988 1889 iam
1013 1837 1252 1888 tenditur
1276 1836 1416 1887 altus

0 1913 31 1975 ᾖ]
116 1912 198 1954 355
220 1904 486 1957 Dentibus
511 1906 683 1958 inlisis
710 1910 763 1958 et
786 1911 971 1974 pectus
998 1907 1197 1976 grande
1223 1906 1480 1974 remugit,

221 1974 473 2027 Flumina
496 1980 625 2028 tunc
644 1980 917 2044 resonant,
939 1980 1150 2029 montes
1173 1978 1227 2028 et
1244 1976 1413 2027 lustra
1431 1975 1720 2028 resultant:

223 2046 326 2098 Ast
350 2046 443 2097 ubi
468 2050 694 2098 uenator
717 2047 917 2099 reiecta
942 2046 1158 2114 cuspide
1184 2046 1372 2098 sollers

226 2113 429 2183 Sponte
456 2116 598 2168 cadit
621 2135 929 2186 pronusque
955 2117 1117 2184 iacet,
1144 2116 1285 2184 perit
1310 2116 1390 2167 ira
1413 2116 1586 2168 leonis

225 2184 402 2253 Turpe
426 2189 622 2254 putans
648 2205 761 2240 non
787 2187 943 2239 dente
970 2205 1065 2239 suo
1093 2187 1138 2238 si
1162 2187 1360 2254 praeda
1383 2186 1603 2254 iacebit,

115 2264 200 2305 360
222 2254 437 2308 Temnit
460 2257 658 2324 praedo
687 2258 834 2309 cibos
861 2275 994 2325 quos
1020 2275 1131 2309 non
1156 2257 1287 2309 facit
1310 2257 1423 2325 ipse
1450 2257 1675 2309 cadauer
1734 2273 1786 2312 [p.
1811 2273 1868 2312 52]

223 2324 249 2376 Ι
288 2343 515 2378 noscens
540 2326 753 2379 feritate
779 2328 869 2395 pia
894 2327 1103 2379 ueniale
1129 2330 1308 2379 reatus

280 2399 469 2448 enator
493 2397 537 2448 si
564 2401 733 2451 cesset
758 2398 915 2449 iners.
968 2398 1043 2449 sic
1068 2400 1244 2449 rector
1267 2397 1512 2449 Achiuus

0 1454 15 1510 'f

229 2553 311 2592 333
344 2552 535 2592 meietur
640 2555 722 2594 334
753 2553 895 2594 foelix
1001 2555 1083 2594 342
1114 2552 1223 2593 Cum
1255 2553 1432 2594 ruerint
1461 2552 1611 2593 uritur
1640 2555 1722 2593 tua

115 2605 327 2648 releuare
358 2620 458 2648 corr·
496 2607 654 2648 Buech.
744 2611 827 2650 344
858 2610 1028 2649 sci-uite
1060 2623 1172 2651 corr.
1209 2610 1232 2648 l
1243 2609 1297 2649 M
1381 2611 1461 2649 351
1490 2609 1595 2659 fort.
1624 2620 1721 2648 cer·

115 2667 199 2702 nat
229 2665 312 2703 nisi
339 2676 486 2703 uer-sus
517 2666 679 2704 excidit
771 2667 854 2705 350
884 2665 1019 2706 nimis
1045 2678 1156 2705 corr.
1178 2664 1337 2705 Bueclz.
1426 2665 1507 2704 352
1539 2676 1719 2703 manum

115 2717 144 2758 Ι
154 2717 205 2758 Μ
234 2725 280 2758 at
308 2720 508 2770 conferas
537 2721 714 2760 indicem
744 2733 778 2760 s.
801 2735 841 2763 u.
875 2722 1070 2773 crispare
1166 2723 1248 2761 353
1280 2717 1497 2773 Naribus]
1532 2719 1719 2760 natibus

116 2786 148 2827 I
153 2787 208 2827 M
222 2794 353 2829 metro
374 2794 648 2841 repuynante.
683 2792 887 2842 temptaui
908 2790 1117 2830 clunibus
1190 2792 1272 2831 360
1293 2772 1434 2843 predii
1456 2787 1461 2842 Ι
1483 2790 1595 2830 fecit
1616 2802 1719 2830 con-

111 2842 235 2938 sl'effls
253 2857 416 2884 uersum
437 2849 658 2897 repetitum
679 2847 721 2886 in
743 2846 1047 2898 Sati-esactione
1072 2848 1157 2886 143
1274 2847 1355 2886 361
1379 2850 1577 2886 uenatus
1601 2859 1716 2887 corr.

1401 0 1811 40 waewm-‚wfssffi
1823 0 1841 20 f
1848 0 1940 34 ew
