1940 3072
812 166 1178 220 „37—

158 289 216 339 at
254 284 301 338 si
340 282 668 338 Centaurum
706 282 884 336 medio
922 283 1025 336 sub
1063 283 1281 338 tramite
1320 284 1455 339 caeli

38 373 125 417 875
155 358 376 427 uideris,
396 360 474 412 ,ut
509 357 678 410 fluctu
714 359 929 410 tantum
968 356 1206 411 discedat
1243 376 1365 428 e00,

157 435 415 503 quantum
454 431 569 484 adit
607 448 879 501 occasum,
919 430 991 483 sit
1028 433 1203 485 tectus
1243 432 1471 501 desuper
1510 434 1689 486 autem

154 507 297 560 nube
336 523 580 558 umerum
619 508 674 557 et
710 505 857 558 caelo
897 505 1005 558 sint
1044 506 1226 558 omnia
1259 506 1415 576 signa
1452 506 1657 575 priora:

157 598 316 634 eurus
356 580 480 647 erit,
518 581 699 632 uerret
738 578 867 632 salsi
907 579 1046 631 uada
1084 579 1317 649 gurgitis
1356 598 1530 634 eurus.

231 651 639 722 Contemplator
677 653 821 706 enim
859 653 1152 722 geminae
1189 653 1473 706 rutilantia
1509 653 1753 707 formae

41 744 127 786 880
157 728 431 796 uiscera,
469 744 607 796 quae
646 727 816 797 signis
857 726 1094 779 subtexit
1130 728 1371 792 membra
1410 727 1634 781 duobus

156 820 284 854 nam
324 820 430 871 qua
468 803 621 869 parte
658 800 934 853 hominem
975 801 1280 870 quadrupes
1321 801 1558 854 sustollit
1596 800 1792 872 equino

157 877 344 929 uentre
386 892 547 943 super
585 876 842 943 stantem,
881 876 1128 927 uersatur
1167 875 1407 944 scorpius
1448 876 1663 945 ingens:

159 953 216 1003 at
254 968 361 1019 qua
398 947 738 1017 cornipedem
775 947 951 1000 media
987 948 1072 1000 uir
1108 948 1285 1001 fundit
1324 948 1393 1002 ab
1432 950 1581 1018 aluo,

158 1041 326 1077 curua
363 1022 619 1075 uenenati
658 1025 783 1074 sunt
820 1024 1034 1074 tantum
1073 1022 1296 1075 brachia
1335 1022 1491 1093 signi.

40 1113 126 1155 885
156 1098 248 1150 ille
288 1099 491 1166 autem,
530 1095 771 1148 dextram
810 1096 1131 1165 protendere
1170 1097 1322 1150 uisus
1362 1097 1430 1149 ad
1468 1115 1620 1150 aram

158 1171 496 1240 caelicolum,
533 1170 706 1222 iustae
743 1170 1006 1238 persoluit
1043 1187 1267 1223 munera
1306 1171 1450 1223 uitae

159 1247 536 1316 agrestemque
574 1262 738 1296 manu
777 1242 1032 1312 praedam
1072 1244 1227 1313 gerit.
1302 1244 1411 1313 hic,
1450 1244 1545 1297 ubi
1583 1244 1724 1297 celso

157 1318 349 1372 Pelion
388 1317 632 1388 adsurgit
670 1317 829 1370 dorso
868 1335 1257 1387 nemorosaque
1295 1318 1403 1370 late

158 1392 350 1446 inserit
388 1391 547 1445 aeriis
585 1391 714 1461 iuga
751 1391 987 1444 nubibus
995 1433 1010 1461 ‚
1050 1391 1252 1444 arbiter
1291 1392 1449 1461 aequi

41 1483 128 1526 890
160 1469 348 1537 egerat
383 1465 606 1518 Alcidae
644 1466 826 1535 legum
864 1468 991 1534 post
1030 1465 1174 1518 bella
1212 1466 1487 1536 magister.

233 1539 478 1609 Desuper
515 1539 726 1609 ingenti
764 1556 880 1592 sese
917 1539 1132 1608 agmine
1170 1540 1402 1609 porrigit
1438 1539 1662 1609 hydra,

160 1633 296 1684 quae
335 1613 549 1682 prolata
588 1613 703 1666 salo
744 1613 906 1683 lenge
943 1614 1087 1665 latus
1127 1613 1359 1681 explicat
1401 1614 1611 1683 aethra,

160 1688 218 1741 in
258 1705 508 1741 cancrum
546 1689 798 1755 protenta
835 1689 1019 1755 caput,
1058 1687 1387 1756 caudamque
1426 1687 1592 1740 feroci

162 1760 433 1815 Centauro
471 1760 721 1829 inclinat,
760 1761 958 1813 transit
997 1761 1235 1829 spatiosa
1272 1760 1442 1813 leonis

44 1852 129 1893 895
162 1836 370 1889 uiscera
410 1837 463 1887 et
500 1834 709 1905 ingenti
749 1835 847 1887 sub
887 1834 1098 1903 uirgine
1138 1852 1347 1886 summa
1386 1833 1629 1903 quiescit.

164 1910 293 1979 quin
332 1912 386 1962 et
424 1927 542 1962 eam
583 1909 784 1978 spirare
823 1910 1001 1977 putes:
1042 1908 1118 1960 sic
1157 1908 1375 1977 agmina
1413 1909 1560 1961 caelo

161 1983 370 2037 lubrica
409 1983 708 2051 conuoluit,
747 1982 824 2035 sic
864 1982 1036 2050 spiras
1075 1982 1308 2050 pendula
1346 1984 1585 2050 torquet,

162 2058 238 2110 sic
278 2060 332 2110 et
369 2056 705 2127 flammigero
744 2056 989 2125 linguam
1029 2055 1157 2108 iacit
1196 2073 1286 2108 ore
1325 2055 1622 2107 trisulcam.

163 2131 433 2199 spirarum
469 2131 644 2183 medio
685 2132 863 2199 gestat
902 2130 1153 2181 cratera
1193 2146 1497 2197 coruscum,

46 2222 132 2262 900
162 2205 357 2258 ultima
395 2200 695 2258 caeruleum
736 2205 1043 2256 sustentant
1083 2203 1302 2272 agmina
1341 2220 1621 2270 coruum,

165 2280 273 2331 ales
311 2281 373 2331 ut
410 2277 616 2331 intento
656 2276 828 2330 fodiat
866 2293 1006 2346 uaga
1046 2277 1254 2329 uiscera
1290 2278 1484 2329 rostro.

282 2413 368 2453 876
408 2409 471 2452 sit
509 2408 554 2451 V
580 2409 618 2453 si
649 2407 695 2451 A
815 2410 901 2451 878
941 2406 1052 2450 salsi
1090 2405 1135 2449 V
1161 2406 1286 2450 salsa
1315 2406 1361 2449 A
1483 2419 1527 2449 u.
1562 2407 1654 2449 879
1686 2403 1847 2447 inse-ri·

166 2468 289 2513 bitur
321 2466 685 2512 CENTAVRVS
728 2465 813 2509 VA
904 2469 990 2508 880
1022 2478 1140 2520 quae
1170 2479 1198 2509 v
1230 2465 1355 2521 quod
1395 2463 1514 2508 VAe
1596 2466 1682 2506 882
1716 2474 1854 2517 super

165 2528 365 2571 stantem
397 2527 443 2570 A
475 2526 814 2583 superstantem
856 2524 900 2567 V
1016 2528 1102 2568 888
1135 2523 1297 2568 Pelion
1327 2522 1369 2566 V
1399 2522 1557 2566 Pelius
1589 2522 1658 2564 A*
1763 2523 1851 2563 890

166 2587 325 2643 egerat
364 2584 451 2628 VA
480 2585 671 2640 degerat
702 2583 891 2628 Grotius
920 2584 937 2640 ΙΙ
965 2582 1186 2640 magister
1223 2581 1267 2626 V
1293 2595 1405 2626 corr.
1440 2581 1485 2624 A
1577 2594 1621 2625 u.
1655 2582 1746 2623 891
1779 2580 1850 2622 in-

165 2645 381 2689 scribitur
410 2642 626 2687 HYDRA
667 2642 751 2685 VA
872 2647 958 2686 892
998 2643 1094 2686 salo
1136 2641 1179 2684 V
1213 2641 1311 2684 solo
1343 2640 1388 2684 A
1425 2641 1441 2696 ss
1479 2640 1618 2696 longe
1658 2652 1680 2682 e
1710 2638 1853 2693 longa

175 2703 262 2747 VA
322 2707 409 2747 894
440 2701 635 2747 inclinat
675 2701 718 2744 V
745 2714 858 2745 corr.
892 2701 945 2743 A>
1007 2705 1092 2744 895
1125 2713 1307 2744 summa
1338 2699 1382 2743 A
1415 2712 1548 2742 suma
1588 2697 1630 2740 V
1687 2701 1773 2741 896
1807 2697 1856 2739 et

168 2775 270 2806 eam
308 2762 473 2818 scripsi
510 2762 567 2816 cf.
600 2760 788 2804 Hermes
823 2759 927 2803 XV
951 2773 1000 2814 p.
1035 2762 1125 2803 184
1155 2773 1200 2802 n.
1234 2761 1294 2803 57
1323 2757 1473 2801 uitam
1514 2755 1598 2799 VA
1630 2757 1646 2811 ΙΙ
1678 2755 1853 2811 spirare

176 2820 221 2864 V
255 2833 438 2876 sperare
477 2821 522 2863 A
643 2823 727 2863 901
769 2832 890 2875 uaga
937 2818 1023 2862 VA
1063 2831 1179 2862 caua
1210 2817 1451 2873 Hauptius
1490 2816 1546 2871 cf.
1587 2814 1777 2860 Hermes
1816 2812 1860 2855 V
