1940 3072
728 179 1049 227 APPENDIX.
1185 154 1188 157 ’
1616 173 1685 228 57

85 304 321 357 Custodes
348 304 526 356 dantur
549 305 735 356 milites
760 305 1052 356 cadaverum

85 375 454 441 Monumentum
479 377 638 433 iuxta,
666 371 858 426 mulier
872 391 969 441 quo
995 390 1047 425 se
1074 373 1355 425 incluserat.
1634 378 1688 420 10

85 445 359 512 Aliquando
385 446 557 496 sitiens
580 461 711 495 unus
735 445 795 495 de
822 444 1108 496 custodibus

85 516 274 582 Aquam
296 517 487 580 rogavit
510 515 674 566 media
697 521 841 565 nocte
868 514 1164 573 ancillulam,

86 585 221 644 Quae
245 586 373 637 sorte
399 585 626 636 dominae
651 591 771 636 tunc
796 584 1067 635 adsistebat
1091 600 1209 635 suae

85 655 364 707 Dormitum
389 657 527 706 eunti
541 673 553 714 ;
580 671 791 721 namque
815 654 1164 706 lucubraverat

85 725 149 775 Et
171 741 328 792 usque
354 728 409 776 in
432 741 599 776 serum
622 726 814 790 vigilias
839 725 1153 790 perduxerat.
1634 729 1687 771 15

84 795 292 846 Paulum
316 796 527 846 reclusis
547 795 740 846 foribus
764 796 908 846 miles
936 795 1182 862 prospicit

84 866 329 932 Videtque
354 873 404 917 et
430 880 628 931 aegram
670 873 719 915 et
754 866 883 916 facie
907 865 1115 931 pulchra
1138 865 1391 914 feminam.

86 936 354 1002 Correptus
380 937 571 987 animus
595 935 711 986 ilico
736 934 1055 986 succenditur

84 1005 149 1057 Et
171 1007 335 1057 uritur
360 1008 546 1056 sensim
571 1007 844 1072 inpotentis
871 1006 1134 1071 cupiditaS.

86 1075 272 1127 Sollers
297 1091 504 1134 acumen
529 1076 664 1126 mille
696 1091 869 1128 causas
892 1076 1096 1133 invenit,
1635 1080 1687 1122 20

84 1145 182 1197 Per
207 1162 329 1212 quas
352 1146 521 1196 videre
552 1151 721 1213 posset
742 1145 942 1197 viduam
966 1147 1181 1210 saepius·

87 1217 346 1267 Cotidiana
371 1222 514 1282 capta
539 1215 896 1267 consuetudine

85 1286 327 1337 Paulatim
350 1288 480 1337 facta
505 1292 582 1337 est
606 1287 822 1337 advenae
848 1284 1170 1343 submissior;

85 1356 197 1406 Mox
221 1358 406 1407 artiore
430 1357 590 1407 vinxit
614 1357 833 1407 animum
857 1356 1048 1422 copula.

86 1426 180 1476 Hic
205 1426 322 1476 dum
347 1428 594 1477 consumit
617 1432 787 1476 noctes
812 1431 977 1477 custos
1003 1425 1227 1490 diligens,
1634 1433 1688 1473 25
1763 1454 1769 1458 -

85 1496 434 1547 Desideratum
459 1502 534 1547 est
559 1512 739 1562 corpus
764 1511 825 1547 ex
848 1511 947 1546 una
973 1511 1136 1545 cruce.

85 1565 337 1617 Turbatus
360 1567 504 1617 miles
527 1567 712 1618 factum
737 1568 938 1632 exponit
967 1566 1180 1615 mulieri.

87 1637 147 1687 At
171 1642 341 1688 sancta
364 1637 571 1687 mulier:
622 1636 733 1688 Non
758 1642 835 1686 est
859 1636 990 1702 quod
1014 1638 1213 1693 timeaS,
1242 1636 1325 1694 ait,
1391 1651 1394 1653 ·

84 1706 288 1772 Vimque
314 1722 495 1772 corpus
518 1707 672 1757 tradit
695 1706 943 1771 figendum
967 1707 1120 1765 cruci,

86 1776 159 1827 Ne
187 1775 362 1827 subeat
386 1777 467 1826 ille
494 1791 677 1842 poenas
706 1777 1066 1841 neglegentiae.
1519 1803 1523 1806 -
1634 1781 1690 1824 30

87 1846 170 1897 Sic
194 1846 450 1913 turpitudo
476 1847 636 1897 laudis
663 1846 855 1896 obsedit
878 1847 1056 1896 locum.

638 1973 959 2023 FABVLA
994 1939 1129 2021 xiv,

154 2056 300 2098 DVO
331 2055 648 2098 IVVENES
679 2055 930 2097 SPONSI
957 2053 1170 2096 DIVES
1199 2053 1291 2095 ΕΤ
1320 2054 1622 2097 PAVPER.

191 2122 445 2167 Fortunam
473 2122 710 2166 interdum
738 2123 928 2178 praeter
957 2135 1087 2178 spem
1115 2120 1380 2166 hominibus
1408 2122 1583 2167 favere.

155 2197 311 2246 Vnam
338 2195 636 2261 expetebant
660 2198 904 2259 virginem
930 2199 1133 2246 iuvenes
1160 2195 1280 2253 duo;

86 2266 214 2316 Vicit
238 2266 457 2332 locuples
481 2281 639 2330 genus
664 2273 714 2315 et
736 2267 945 2316 formam
970 2267 1222 2331 pauperiS.

84 2336 146 2386 Vt
170 2338 455 2401 nuptiarum
480 2336 642 2387 dictus
669 2336 867 2386 advenit
890 2335 1012 2393 dieS,

86 2408 268 2457 Amans
292 2406 513 2456 dolorem
536 2407 654 2471 quia
678 2421 777 2456 non
801 2410 997 2471 poterat
1019 2407 1230 2471 perpeti,

85 2475 311 2526 Maerens
335 2477 640 2541 propinquos
666 2476 873 2525 contulit
896 2491 950 2525 se
975 2477 1029 2525 in
1054 2475 1292 2533 hortulos,
1661 2480 1691 2522 5

82 2545 219 2604 ‚Quos
244 2546 371 2596 ultra
398 2546 543 2611 paulo
568 2546 682 2595 villa
709 2545 826 2595 ditis
850 2545 1109 2610 splendida

86 2616 206 2665 Erat
231 2622 494 2680 acceptura
519 2617 765 2679 virginem
790 2631 817 2664 e
843 2616 1017 2664 matris
1043 2617 1170 2672 sinu,

85 2684 268 2735 Parum
293 2684 452 2751 ampla
477 2687 531 2735 in
555 2684 680 2735 urbe
706 2687 810 2735 visa
836 2684 966 2751 quod
991 2685 1154 2733 suerat
1180 2684 1370 2734 domus·

84 2754 271 2820 Pompa
297 2754 594 2820 explicatur,
621 2753 768 2804 turba
793 2756 1046 2804 concurrit
1070 2754 1320 2818 frequenS‚

86 2823 149 2874 Et
174 2825 484 2889 coniugalem
507 2824 716 2890 praebet
740 2824 1052 2890 Hymenaeus
1076 2824 1251 2874 facem.
1635 2830 1690 2872 10

86 2894 281 2945 Asellus
306 2899 493 2955 autem,
521 2897 608 2961 qui
634 2893 824 2944 solebat
847 2895 1056 2961 pauperi
