1940 3072
29 530 142 571 1315

28 898 140 939 1320

26 1268 137 1307 1325

23 1636 136 1676 1330

842 103 1202 157 -54-

176 240 275 275 nec
314 222 471 274 lateri
510 220 705 290 pistrix
743 220 994 290 cuiquam
1031 220 1212 274 uicina
1250 219 1485 291 uidetur,

177 295 270 349 sed
309 296 418 348 iam
455 297 575 349 tota
615 313 773 364 super
812 295 1134 348 sustollitur:
1173 295 1359 364 expuit
1396 297 1571 348 atram

175 369 285 422 iam
323 369 551 440 pelagus
592 369 822 438 speciem
859 386 958 422 nec
996 368 1171 422 adhuc
1207 371 1389 422 tamen
1428 369 1628 422 extima
1666 368 1863 423 sorbet.

177 443 303 512 quid
341 461 485 496 nunc
523 443 795 498 nascentis
837 445 1111 512 suspectat
1147 443 1335 496 nauita
1372 446 1539 512 ponto
1936 454 1940 460 ²

176 517 394 586 agmina
431 518 607 586 prima
645 515 777 570 Padi
817 517 963 570 caelo
1003 519 1120 569 tum
1158 516 1367 570 feruere
1407 519 1594 586 aperto

174 590 482 660 uicinasque
520 591 665 645 faces
704 590 852 643 rutili
890 593 1074 643 manet
1113 589 1370 644 Orionis?

173 664 436 718 curricula
475 667 537 717 ut
575 665 763 718 sollers
803 682 933 718 uero
972 682 1099 717 mox
1137 664 1313 718 indice
1355 664 1530 718 discat

174 741 319 791 certa
357 739 698 791 tenebrarum
736 738 1014 807 possitque
1052 738 1286 791 fideliter
1325 741 1471 792 astro

173 812 450 881 explorare
489 815 647 866 notos
686 815 741 865 et
778 815 897 865 tuto
938 812 1162 865 carbasa
1199 814 1384 881 pont0.

173 886 355 956 credo,
391 887 450 939 ni
490 886 628 939 desit
664 903 984 956 magnorum
1024 904 1263 956 congrua
1301 905 1449 955 cura,

171 963 423 1028 prompta
461 960 552 1012 uia
590 963 671 1013 est
709 961 827 1029 ipso
867 977 1189 1030 cognoscere
1226 960 1358 1013 talia
1397 977 1607 1028 semper

171 1037 519 1102 praeceptore
557 1033 687 1087 Ioue
727 1036 781 1087 et
820 1034 966 1088 caelo
1007 1034 1111 1087 tibi
1151 1034 1309 1104 signa
1346 1034 1609 1104 magistro

172 1107 352 1160 omnia
390 1108 665 1162 ducentur,
739 1110 926 1161 monet
965 1108 1076 1161 alta
1113 1107 1361 1176 Iuppiter
1402 1107 1591 1161 aethra

173 1181 386 1251 singula
423 1200 523 1235 nos
533 1223 547 1251 7
586 1182 758 1235 facilis
799 1200 983 1234 ueram
1023 1181 1167 1236 dedit
1204 1182 1406 1235 arbiter
1445 1184 1638 1251 artem,

171 1272 238 1307 ne
277 1258 662 1324 tempestatum
701 1255 997 1325 primordia
1036 1274 1194 1309 caeca
1232 1256 1476 1309 laterent.

243 1328 435 1383 Nonne
474 1330 646 1395 uides,
684 1330 919 1399 primum
959 1348 1078 1383 cum
1109 1330 1327 1384 Phoebe
1362 1329 1422 1382 in
1454 1347 1656 1383 cornua
1688 1329 1861 1399 surgit

170 1403 353 1455 tenuia
393 1406 447 1456 et
487 1406 717 1473 angusto
758 1404 941 1457 lumen
978 1403 1109 1457 iacit
1147 1422 1238 1456 ore
1276 1421 1372 1472 per
1411 1403 1653 1456 aethram

171 1475 457 1530 decedente
497 1478 580 1530 die
619 1495 895 1546 pronoque
936 1478 1002 1530 ab
1041 1478 1259 1530 tramite
1301 1477 1452 1546 solis»,

169 1553 386 1618 promat
423 1553 485 1603 ut
522 1551 757 1621 ingressi
797 1551 986 1604 sollers
1026 1550 1126 1603 tibi
1166 1553 1415 1619 tempora
1453 1550 1692 1605 mensis?

170 1642 402 1694 namque
441 1625 614 1678 facem
655 1624 835 1694 quarti
875 1625 1090 1677 sibimet
1126 1625 1469 1694 profitebitur
1506 1624 1672 1695 ignis,

170 1715 397 1766 corpora
437 1716 558 1751 cum
596 1700 830 1767 primum
868 1698 1192 1768 perfundens
1231 1699 1432 1753 lumine
1471 1701 1660 1752 nostra

170 1771 223 1823 in
269 1772 509 1825 subiecta
549 1772 652 1826 soli
689 1775 907 1825 tenuem
944 1773 1245 1842 porrexerit
1281 1772 1544 1827 umbram.

288 1936 401 1976 1312
436 1932 699 1976 sustollitur
730 1931 891 1989 expuit
923 1932 967 1976 V
993 1932 1353 1989 quattuordecim
1376 1933 1633 1978 litterarum
1656 1933 1855 1988 spatium

167 2004 368 2034 uacuum
404 1992 586 2047 praebet
621 1992 663 2034 A
790 1996 902 2035 1313
944 1993 1101 2036 sorbet
1132 1991 1320 2036 Grotius
1360 1992 1548 2036 sorbent
1588 1991 1631 2034 V
1666 1992 1854 2036 sorbens

166 2049 211 2091 A
275 2053 390 2093 1314
420 2064 543 2093 nunc
576 2049 819 2095 Schraderi
850 2051 1194 2095 commentarius
1223 2051 1375 2095 Berol.
1410 2052 1465 2105 cf.
1500 2049 1688 2094 Hermes
1722 2049 1859 2094 XVI

166 2122 209 2149 n.
244 2111 341 2153 122
371 2122 417 2152 n.
452 2112 511 2152 71
542 2123 599 2153 ne
641 2109 727 2154 VA
820 2115 931 2154 1317
967 2110 1128 2154 sollers
1160 2111 1338 2154 correxi
1368 2110 1510 2154 solers
1551 2109 1595 2152 V
1621 2109 1741 2153 soles
1773 2108 1818 2152 A
1841 2109 1857 2167 Η

167 2181 277 2210 uero
319 2167 363 2209 V
396 2169 525 2212 sueto
557 2169 601 2211 A
726 2173 838 2212 1319
879 2169 927 2213 et
964 2182 987 2213 e
1024 2171 1078 2212 ut
1118 2169 1204 2213 VA
1326 2172 1439 2213 1320
1472 2168 1608 2213 credo
1650 2167 1693 2211 V
1721 2168 1854 2213 crede

167 2225 213 2268 A
243 2227 258 2281 ΙΙ
290 2226 336 2268 ni
376 2226 498 2270 desit
538 2226 582 2270 V
615 2227 824 2271 undecim
856 2228 1111 2272 litterarum
1141 2228 1341 2283 spatium
1372 2241 1571 2272 uacuum
1601 2227 1734 2271 habet
1764 2228 1809 2270 A
1841 2227 1854 2284 Η

166 2297 443 2340 magnorum
493 2285 536 2328 V
579 2300 853 2342 magnarum
892 2287 937 2329 A
975 2288 990 2343 ΙΙ
1029 2299 1232 2342 congrua
1279 2287 1322 2330 V
1361 2287 1559 2343 quinque
1598 2286 1854 2330 litterarum

166 2344 366 2398 spatium
405 2358 605 2387 itacuum
636 2346 825 2401 praebet
859 2346 904 2388 A
1058 2350 1167 2388 1321
1209 2349 1427 2402 prompta
1467 2359 1487 2388 e
1525 2346 1661 2401 prota
1701 2344 1745 2387 V
1769 2359 1852 2401 pro

170 2404 204 2442 A
244 2403 258 2456 ΙΙ
290 2402 367 2445 uia
409 2403 450 2445 V
476 2408 640 2458 septem
687 2404 941 2448 litterarum
979 2405 1179 2459 spatium
1218 2418 1417 2448 uacuum
1444 2404 1629 2459 praebet
1660 2403 1703 2446 A
1736 2404 1751 2460 ΙΙ
1782 2405 1853 2447 est

178 2460 219 2502 V
247 2462 294 2504 et
326 2462 369 2504 A
394 2463 408 2517 ΙΙ
433 2475 711 2518 cognoscere
741 2463 858 2507 talia
890 2462 935 2506 V
963 2464 1263 2519 cognosceret
1286 2463 1381 2506 alia
1411 2462 1455 2506 A
1579 2466 1690 2506 1322
1722 2475 1851 2518 praer-

167 2520 354 2574 ceptore
397 2520 439 2563 V
475 2521 601 2577 preci
632 2520 679 2564 A
708 2522 723 2577 ΙΙ
754 2522 863 2566 Ioue
900 2523 948 2565 et
979 2522 1109 2566 caelo
1150 2521 1195 2565 V
1220 2523 1427 2566 undecim
1460 2522 1714 2566 litterarum
1745 2534 1852 2576 spa·

167 2579 283 2621 tium
320 2592 519 2623 uacuum
551 2580 739 2635 praebet
769 2580 814 2623 A
844 2581 860 2637 ΙΙ
898 2580 987 2624 tibi
1026 2580 1070 2623 V
1096 2580 1153 2624 de
1184 2580 1272 2624 tibi
1303 2581 1348 2624 A
1467 2595 1512 2624 u.
1547 2581 1852 2625 1323-1334

167 2637 335 2680 omittit
366 2642 406 2681 et
428 2652 519 2694 pro
551 2639 612 2682 eis
635 2639 843 2683 undecim
867 2639 1158 2683 duodecimue
1182 2640 1407 2683 linearum
1429 2639 1630 2694 spatium
1653 2651 1850 2682 uacuum

160 2696 349 2749 praebet
388 2697 431 2739 A
552 2711 596 2740 u.
632 2700 755 2743 1326
798 2698 1067 2742 inscribitur
1105 2697 1529 2742 PROGNOSTICA
1577 2698 1704 2752 apud
1745 2697 1850 2741 Mo-
1936 2744 1938 2746 .

166 2755 327 2796 relium
367 2755 423 2808 cf.
457 2769 613 2813 proqr.
648 2756 834 2810 Erfurt.
876 2772 917 2801 a.
949 2759 1072 2801 1882
1110 2771 1155 2812 2).
1189 2757 1224 2799 I
1256 2770 1318 2814 sq.
1503 2761 1615 2799 1329
1655 2755 1850 2812 ingressi

168 2811 356 2856 Grotius
387 2813 606 2869 ingressis
648 2814 692 2857 V
