1940 3072
69 239 270 295 11:675
317 257 504 309 expers
554 258 804 294 caesurae
852 244 948 295 est.
1025 242 1083 294 in
1122 242 1344 312 reliquis
1384 245 1570 296 tamen
1608 245 1767 299 rebus

63 332 289 384 prorsus
344 314 454 367 alia
507 317 591 367 est
647 315 888 369 condicio
943 315 1072 369 libri
1117 316 1317 370 Aldini.
1401 335 1576 387 neque
1624 319 1768 372 enim

3 399 6 404 '
70 387 309 442 dubitari
349 387 522 457 debet,
563 388 695 458 quin
727 389 819 442 ille
853 390 1261 443 emendatorum
1293 409 1486 445 manus
1519 396 1768 461 expertus

72 462 146 517 sit
205 459 293 533 (cf.
340 461 568 515 Hermes
614 462 722 516 XII
775 482 826 532 p.
877 464 984 518 155
1034 483 1084 517 n.
1131 464 1203 518 22
1249 484 1300 534 p.
1354 464 1455 519 157
1505 484 1555 521 n.
1596 466 1669 520 25
1716 470 1771 520 et

70 554 251 607 progr.
289 535 406 589 Erf.
444 556 497 605 p.
534 535 613 589 VI
640 534 756 608 sq.).
1703 551 1705 553 ’

218 609 404 662 Etiam
459 610 824 664 emendatiora
873 611 1039 664 uerba
1084 615 1276 681 poetae
1322 613 1617 666 reddidisse
1666 614 1770 667 sibi

70 685 222 738 uisus
255 687 338 737 est
368 683 676 738 Ioachimus
709 684 1010 755 Perionius,
1041 686 1132 755 qui
1164 685 1430 757 vergilii,
1466 686 1771 741 Germanici

73 757 320 812 Caesaris
354 760 408 811 et
429 757 555 811 Rufi
579 759 778 812 Auieni
811 760 1064 827 carmina,
1095 760 1162 813 iis
1195 761 1576 829 respondentia
1597 760 1770 829 Arati,

77 850 214 902 quae
239 851 271 885 a
292 831 548 886 Cicerone
572 851 834 887 conuersa
856 833 1263 886 interciderunt'
1291 853 1433 887 anno
1451 834 1771 888 MDXXXX

75 906 300 959 Parisiis
334 907 630 960 emittenda
660 908 886 961 curauit.
954 908 1103 961 cuius
1135 908 1393 961 lectiones
1426 927 1547 962 cum
1580 910 1646 962 ab
1676 909 1773 962 Al-

78 981 217 1033 dinis
258 998 420 1049 saepe
451 980 744 1050 discedant,
784 985 902 1035 tum
933 982 1257 1051 aliquotiens
1293 986 1620 1051 concrepant
1651 1001 1771 1036 cum

78 1055 259 1108 codice
297 1053 685 1123 Ambrosian0‚
731 1056 884 1108 uelut
920 1075 971 1109 11.
1014 1056 1158 1108 1664
1198 1059 1251 1108 et
1288 1056 1344 1108 in
1391 1057 1494 1109 hoc
1539 1057 1679 1110 libro
1720 1061 1774 1109 et

79 1128 222 1198 apud
245 1127 557 1182 Perionium
589 1133 671 1182 est
703 1148 950 1182 saeuus.
1012 1147 1185 1199 neque
1216 1133 1399 1183 tamen
1427 1131 1518 1182 ille
1543 1131 1773 1184 multum

78 1202 317 1271 perfecit.
402 1203 594 1255 melius
646 1207 826 1256 autem
873 1203 1086 1256 Auieno
1143 1205 1415 1257 consuluit
1471 1203 1771 1258 Guilelmus

79 1276 352 1345 MoreliuS,
389 1277 481 1345 qui
522 1295 663 1330 anno
695 1276 1015 1330 MDLVIIII
1046 1278 1281 1346 primum
1312 1277 1512 1330 Auieni
1543 1278 1774 1331 Aratum

81 1369 199 1405 cum
243 1350 415 1403 Arato
454 1351 572 1419 ipso
603 1351 826 1404 Parisiis
867 1351 1092 1404 excudit.
1154 1352 1266 1404 eius
1298 1352 1543 1420 uestigiis
1574 1352 1775 1404 institit

81 1423 394 1477 Theodorus
435 1423 814 1493 Graminaeus,
854 1426 1005 1478 cuius
1045 1426 1182 1478 liber
1223 1444 1363 1478 anno
1403 1425 1775 1479 MDLXVIIII

82 1495 338 1552 Coloniae
376 1498 580 1568 prodiit
610 1497 699 1570 (cf.
730 1499 919 1567 Buhle‚
959 1499 1109 1552 Arat.
1141 1499 1169 1551 I
1200 1518 1251 1567 p.
1282 1496 1479 1569 XXII).
1541 1499 1776 1552 Manutii

83 1575 263 1624 autem
303 1576 357 1625 et
387 1571 599 1626 Morelii
640 1591 804 1641 opera
843 1592 979 1643 quae
1018 1574 1076 1625 in
1108 1573 1323 1626 Arateis
1364 1576 1518 1626 erant
1549 1576 1774 1643 mutata,

20 1688 26 1693 .
81 1664 145 1698 ea
184 1646 298 1699 fere
338 1647 521 1699 omnia
560 1647 627 1699 ab
661 1648 926 1716 omnibus,
966 1666 1102 1717 quae
1134 1651 1325 1716 postea
1355 1647 1451 1699 illa
1483 1647 1775 1717 ediderunt,

83 1722 211 1772 sunt
248 1723 479 1789 recepta.
543 1721 621 1773 sic
652 1721 876 1790 uulgata
907 1721 1171 1790 quaedam
1202 1722 1467 1790 poematis
1499 1722 1774 1791 memoria,

82 1812 203 1847 cum
240 1794 459 1847 illorum
495 1795 734 1847 uirorum
766 1794 955 1847 studiis
989 1799 1108 1848 orta
1140 1798 1296 1863 esset,
1333 1813 1503 1864 usque
1535 1795 1604 1847 ad
1633 1795 1775 1849 hanc

83 1870 316 1920 aetatem
347 1871 652 1938 propagata
681 1871 779 1921 est.
830 1888 862 1921 a
887 1887 992 1937 qua
1016 1870 1107 1938 qui
1132 1887 1270 1922 anno
1295 1867 1776 1921 MDLXXXVIIII

82 1941 372 1995 editionem
398 1940 891 1996 Sanctandreanam
917 1943 1213 2010 exornauit,
1237 1943 1346 1995 iam
1369 1961 1481 1996 non
1506 1943 1776 1996 abhorret.

79 2033 147 2067 ne
174 2013 394 2068 Grotius
428 2017 643 2085 quidem
677 2017 823 2069 aliud
854 2016 1266 2069 fundamentum
1297 2016 1565 2084 poematis
1597 2034 1773 2068 emen-

81 2088 246 2142 dandi
277 2108 476 2158 ponere
511 2091 729 2143 studuit.
793 2108 1121 2160 quamquam
1153 2091 1316 2143 homo
1341 2090 1432 2142 ille
1456 2090 1772 2159 ingeniosus

83 2161 192 2215 ‘uix
239 2166 446 2216 sextam
494 2182 740 2233 egressus
783 2163 1079 2216 trieterida'
1120 2165 1390 2217 Auienum
1431 2162 1775 2233 Syntagmati

83 2254 195 2303 suc,
234 2237 377 2306 quod
416 2256 557 2291 anno
591 2236 744 2292 MDC
775 2237 1028 2307 Lugduni
1060 2236 1392 2290 Batauorum
1431 2238 1578 2290 foras
1615 2238 1775 2306 dedit,

82 2310 393 2363 adiunctum
442 2311 571 2364 adeo
621 2312 837 2364 ornauit
882 2315 1042 2380 atque
1090 2312 1370 2380 expoliuit,
1417 2315 1478 2364 ut
1521 2311 1613 2380 qui
1652 2315 1776 2379 post

81 2383 235 2436 illum
268 2384 486 2438 Arateis
527 2403 746 2454 operam
785 2385 1063 2438 nauabant
1101 2403 1236 2454 quae
1271 2384 1492 2438 Grotius
1526 2384 1775 2436 emenda-

81 2461 236 2510 uerat
287 2459 567 2527 repetiisse
624 2460 757 2511 satis
811 2459 1088 2511 haberent.
1179 2459 1233 2511 id
1287 2459 1531 2511 fecerunt
1583 2457 1774 2509 Petrus

82 2529 284 2584 Melian
318 2530 389 2600 (a.
420 2531 851 2602 MDCXXXIV)‚
891 2531 1118 2584 Ioannes
1151 2532 1326 2584 Buhle
1360 2530 1431 2603 (a.
1461 2529 1775 2601 MDCCCI),

83 2603 143 2657 F.
176 2602 233 2657 C.
264 2604 530 2658 Matthiae
570 2605 642 2676 (a.
673 2603 1119 2675 MDCCCXVII),
1161 2624 1390 2674 quorum
1430 2605 1493 2658 de
1531 2605 1776 2657 editioni-

83 2677 185 2730 bus
238 2696 412 2747 nuper
458 2680 808 2732 disseruimus
856 2679 943 2746 (cf.
992 2696 1174 2748 progr.
1220 2679 1334 2731 Erf.
1381 2698 1430 2747 p.
1471 2675 1644 2747 VIH).
1721 2681 1778 2730 at

84 2751 258 2804 multo
291 2753 415 2820 plus
446 2754 734 2806 ualuerunt
766 2753 834 2805 ad
858 2753 1127 2805 Auienum
1152 2752 1540 2805 restituendum
1566 2751 1774 2804 Nicolai

86 2823 297 2879 Heinsii
345 2828 747 2880 emendationes
757 2868 771 2895 ,
819 2844 953 2895 quae
995 2825 1336 2895 Syntagmati
1377 2824 1638 2878 Grotiano
1688 2825 1776 2878 ad-
