1940 3072
237 151 271 204 2
701 154 968 199 PHAEDRI
1002 153 1374 200 FABVLARVM

236 279 380 329 Pater
406 279 572 328 hercle
598 284 713 328 tuus
737 278 835 334 ibi,
863 278 1043 343 inquit,
1070 277 1197 327 male
1224 278 1348 327 dixit
1372 277 1513 326 mihi.

235 350 393 413 Atque
419 351 489 399 ita
514 354 798 413 correptum
824 348 1009 397 lacerat
1032 349 1214 397 iniusta
1238 362 1378 396 nece.

306 418 437 467 Haec
462 424 667 484 propter
692 418 802 467 illos
829 419 1012 481 scripta
1039 423 1114 467 est
1137 418 1361 466 homines
1386 415 1565 473 fabula,

237 487 330 545 Qui
355 489 483 537 fictis
508 490 670 537 causis
693 489 983 536 innocentes
1004 489 1303 552 opprimunt.

818 614 857 661 F
869 613 915 661 A
924 613 966 660 B
977 612 1023 659 V
1033 613 1073 660 L
1087 613 1133 660 A
1178 612 1246 660 H.

539 694 785 735 RANAE
814 695 908 735 RE
914 694 1064 735 GEM
1092 694 1181 735 PE
1187 692 1519 735 TIERVNT.

306 766 524 816 Athenae
550 781 661 815 cum
685 765 922 815 florerent
947 765 1115 830 aequis
1139 763 1346 827 legibus,

235 834 422 885 Procax
448 835 654 885 libertas
679 837 930 886 civitatem
954 835 1151 883 miscuit

236 905 548 970 Frenumque
576 905 717 954 solvit
740 907 1007 970 pristinum
1031 904 1248 953 licentia.

234 973 327 1023 Hic
352 976 648 1038 conspiratis
672 975 941 1024 factionum
966 973 1192 1038 partibus

234 1044 411 1093 Arcem
435 1050 676 1108 tyrannus
700 1051 907 1109 occupat
930 1043 1235 1093 Pisistratus.

236 1112 357 1163 Cum
380 1115 575 1163 tristem
599 1115 887 1163 servitutem
911 1114 1090 1162 flerent
1114 1113 1277 1169 Attici,

237 1181 361 1244 (Non
387 1184 503 1248 quia
528 1182 743 1231 crudelis
768 1183 874 1241 ille,
904 1183 991 1232 sed
1017 1183 1247 1247 quoniam
1272 1195 1420 1244 grave

235 1251 389 1302 Omne
414 1254 624 1302 insuetis
650 1252 789 1318 onus)
818 1258 867 1301 et
892 1254 1173 1317 coepissent
1198 1253 1356 1316 queri,

233 1324 454 1386 Aesopus
477 1322 625 1371 talem
650 1328 756 1371 tum
779 1322 1011 1372 fabellam
1035 1321 1243 1371 rettulit.

303 1392 469 1444 Ranae
494 1397 725 1454 vagantes
748 1390 920 1441 liberis
946 1391 1209 1456 paludibus

236 1459 458 1509 Clamore
482 1475 658 1524 magno
683 1475 851 1524 regem
875 1464 1066 1526 petiere
1092 1478 1118 1510 a
1144 1461 1272 1518 Iove,

235 1529 329 1586 Qui
356 1530 619 1579 dissolutos
645 1546 809 1579 mores
830 1532 878 1579 vi
904 1538 1240 1595 conpesceret.

234 1598 381 1648 Pater
407 1599 611 1648 deorum
636 1601 747 1649 risit
773 1606 917 1665 atque
943 1599 1041 1649 illis
1068 1600 1203 1649 dedit

234 1668 446 1718 Parvum
470 1669 707 1732 tigillum,
735 1671 939 1719 missum
964 1669 1094 1735 quod
1120 1669 1284 1718 subito
1310 1668 1420 1718 vadi

234 1737 368 1787 Motu
394 1753 609 1804 sonoque
636 1741 818 1788 terruit
841 1740 1072 1804 pavidum
1096 1754 1267 1802 genus,

235 1807 339 1856 Hoc
365 1823 582 1857 mersum
606 1809 726 1858 limo
753 1824 864 1858 cum
888 1811 1075 1859 iaceret
1100 1810 1300 1865 diutim,

235 1877 384 1925 Forte
409 1893 506 1927 una
529 1880 677 1927 tacite
703 1879 895 1942 profert
921 1894 947 1927 e
974 1885 1145 1941 stagno
1172 1885 1319 1942 caput
1452 1920 1455 1923 .

233 1947 296 1995 Et
322 1947 575 2011 explorato
600 1961 717 2010 rege
747 1953 947 1997 cunctas
973 1955 1157 1997 evocat.
1399 1943 1401 1946 ⁴

232 2016 349 2065 Illae
374 2018 550 2065 timore
576 2019 736 2081 posito
763 2019 988 2067 certatim
1015 2017 1245 2066 adnatant

231 2086 541 2151 Lignumque
568 2101 716 2150 supra
741 2086 888 2136 turba
913 2087 1138 2151 petulans
1163 2084 1335 2135 insilit.

234 2155 372 2212 Quod
400 2170 511 2205 curn
537 2156 879 2220 inquinassent
904 2158 1037 2206 omni
1063 2156 1374 2212 contumelia,

232 2226 395 2274 Alium
421 2231 651 2289 rogantes
675 2240 845 2289 regem
870 2228 1050 2276 misere
1075 2226 1136 2276 ad
1161 2226 1338 2282 Iovem,

231 2295 426 2344 Inutilis
452 2296 682 2359 quoniam
710 2303 839 2345 esset
865 2297 948 2361 qui
972 2298 1135 2345 fuerat
1167 2296 1323 2345 datuS.

232 2365 356 2413 Tum
381 2366 515 2413 misit
539 2363 640 2414 illis
663 2365 894 2429 hydrum,
924 2368 1008 2430 qui
1035 2366 1180 2415 dente
1209 2379 1383 2430 aspero

236 2434 500 2499 Corripere
527 2436 690 2499 coepit
714 2436 945 2498 singulas,
998 2436 1202 2484 Frustra
1226 2449 1400 2483 necem

231 2503 463 2566 Fugitant
488 2505 699 2559 inertes,
726 2519 895 2552 vocem
922 2504 1197 2569 praecludit
1220 2510 1397 2552 metus.

232 2573 425 2622 Furtim
450 2574 603 2636 igitur
630 2573 746 2622 dant
769 2574 1013 2624 Mercurio
1038 2574 1266 2624 mandata
1292 2573 1352 2622 ad
1376 2572 1554 2629 Iovem,

234 2642 455 2691 Adflictis
479 2649 534 2691 ut
553 2650 823 2692 succurrat.
875 2643 1013 2692 Tunc
1039 2650 1208 2693 contra
1234 2643 1378 2692 deus:

231 2710 354 2767 Quia
380 2710 610 2761 noluistis
634 2719 849 2763 vestrum
876 2713 1032 2769 ferre,
1061 2715 1244 2777 inquit,
1276 2712 1475 2767 bonum,

231 2779 409 2828 Malum
434 2782 667 2845 perferte.
694 2809 764 2819 —
789 2780 883 2831 Vos
908 2798 1126 2847 quoque,
1156 2799 1183 2831 0
1210 2784 1367 2838 civeS,
1395 2784 1480 2837 ait,

228 2848 335 2898 Hoc
360 2852 624 2909 sustinete,
654 2853 809 2901 maius
834 2867 896 2901 ne
922 2855 1085 2901 veniat
1109 2852 1307 2901 malum.

1775 489 1832 531 15

1777 1392 1836 1434 10

1780 1742 1835 1784 15

1775 2091 1833 2131 20

1774 2438 1832 2479 25

1772 2783 1829 2826 30
