1940 3072
208 95 277 148 26
670 98 938 145 PHAEDRI
970 98 1341 146 FABVLARVM

211 223 318 273 Non
343 224 601 273 evertisset
625 223 810 273 scelere
834 224 1031 273 funesto
1056 223 1268 274 domum.

280 293 359 343 Nil
384 300 584 358 spernat
610 295 825 350 animuS‚
851 308 944 343 nec
969 298 1133 343 tamen
1159 294 1329 343 credat
1352 296 1530 344 statim.

209 362 612 428 Quandoquidem
640 368 688 411 et
712 363 784 411 illi
809 369 1040 427 peccant,
1068 379 1191 428 quos
1214 365 1417 413 minime
1442 371 1604 430 puteS,

209 433 269 482 Et
294 434 379 498 qui
405 449 502 482 non
527 439 757 497 peccant,
784 434 1118 497 inpugnantur
1143 434 1418 484 fraudibus·

278 503 379 552 Hoc
406 503 669 552 admonere
696 503 944 567 simplices
969 505 1116 552 etiam
1140 509 1318 568 potest,

209 573 451 637 Opinione
479 572 682 622 alterius
706 572 889 637 nequid
914 573 1211 637 ponderent:

208 642 421 691 Ambitio
446 657 657 707 namque
684 642 931 692 dissidens
954 643 1240 692 mortalium

206 714 300 761 Aut
324 714 511 776 gratiae
538 712 809 762 subscribit
833 718 916 762 aut
941 713 1053 762 odio
1080 729 1183 762 suo.

206 781 315 831 Erit
339 782 421 831 ille
447 787 614 839 notus,
643 798 789 847 quem
812 797 904 847 per
930 788 978 832 te
1005 785 1310 846 cognoveris,

275 851 405 901 Haec
430 857 692 901 exsecutus
717 867 825 902 sum
848 858 1112 917 propterea
1137 853 1381 918 pluribuS,

206 921 453 971 Brevitate
479 923 632 971 nimia
657 924 889 987 quoniam
915 923 1149 987 quosdam
1176 923 1483 974 offendimus,

785 1049 823 1095 F
836 1048 883 1096 A
892 1048 935 1095 B
946 1048 992 1095 V
1004 1048 1044 1095 L
1056 1049 1103 1096 A
1139 1049 1225 1096 XI.

530 1128 919 1172 EVN‘VGHVS
947 1129 1044 1169 AD
1075 1129 1471 1174 INPROBVM.

272 1199 539 1249 Eunuchus
562 1199 789 1263 litigabat
814 1214 926 1248 cum
952 1200 1162 1265 quodam
1187 1200 1412 1265 inprobo,

202 1269 296 1327 Qui
323 1284 472 1334 super
496 1268 708 1319 obscena
733 1269 864 1318 dicta
890 1275 939 1319 et
962 1270 1190 1334 petulans
1213 1272 1428 1333 iurgium

202 1340 441 1389 Damnum
466 1340 735 1390 insectatus
759 1345 834 1388 est
859 1341 1026 1389 amissi
1051 1339 1263 1389 roboriS.

202 1409 302 1474 En,
330 1411 420 1465 ait,
446 1408 540 1458 hoc
563 1424 718 1459 unum
744 1415 842 1466 est,
870 1424 960 1458 cur
984 1409 1205 1459 laborem
1229 1409 1450 1467 validius,

201 1479 506 1542 Integritatis
529 1485 683 1529 testes
707 1481 823 1544 quia
848 1479 1024 1528 desunt
1046 1480 1186 1528 mihi.

203 1548 299 1598 Sed
325 1549 443 1613 quid
467 1550 718 1606 fortunae,
748 1549 918 1605 stulte,
947 1549 1179 1598 delictum
1206 1550 1406 1613 arguis?

201 1618 255 1668 Id
283 1619 479 1668 demum
505 1625 580 1669 est
602 1619 789 1668 homini
815 1625 984 1683 turpe,
1013 1619 1143 1683 quod
1170 1621 1352 1669 meruit
1375 1621 1497 1684 pati.

771 1746 809 1792 F
820 1746 865 1792 A
878 1745 919 1792 B
931 1745 977 1791 V
986 1745 1026 1793 L
1037 1745 1084 1793 A
1120 1745 1232 1793 XII.

528 1825 805 1868 PVLLVS
833 1826 929 1866 AD
959 1825 1459 1870 MARGARI'JJAM.

268 1898 324 1948 In
350 1896 641 1962 sterquilino
666 1896 830 1961 pullus
854 1897 1153 1960 gallinaceus

198 1969 323 2018 Dum
348 1969 545 2033 quaerit
569 1981 757 2023 escam,
784 1968 1100 2029 margaritam
1124 1969 1362 2031 repperit.

198 2038 335 2087 Iaces
358 2038 563 2101 indigno
589 2042 770 2102 quanta
794 2051 875 2085 res
901 2037 1087 2100 inquit,
1114 2036 1242 2085 loc-o!

197 2108 300 2156 Hoc
325 2109 482 2173 siquis
505 2108 654 2171 pretii
680 2106 887 2171 cupidus
910 2106 1116 2155 vidisset
1140 2107 1229 2163 tui,

198 2177 326 2226 Olim
352 2178 567 2227 redisses
592 2176 652 2226 ad
678 2176 989 2240 splendorem
1014 2176 1296 2240 pristinum.

197 2247 299 2309 Ego
325 2248 455 2312 quod
480 2252 529 2295 te
555 2247 747 2303 inveni,
775 2246 936 2310 potior
961 2246 1041 2295 cui
1064 2245 1218 2294 multo
1244 2250 1319 2294 est
1343 2245 1499 2303 cibuS,

196 2316 299 2365 Nec
324 2317 415 2366 tibi
442 2316 675 2381 prodesse
701 2330 794 2364 nec
819 2315 941 2363 mihi
966 2317 1230 2380 quicquam
1254 2322 1431 2379 potest.

266 2387 368 2435 Hoc
394 2387 492 2436 illis
515 2400 687 2442 narro,
715 2386 801 2449 qui
828 2399 905 2433 me
931 2399 1029 2434 non
1055 2385 1363 2447 intellegunt.

748 2510 1063 2559 FABVLA
1099 2511 1236 2558 XIII.

473 2593 649 2635 APES
677 2593 768 2634 ET
799 2593 965 2634 FVCI
994 2591 1224 2633 VESPA
1253 2591 1511 2635 IVDICE.

264 2665 391 2728 Apes
417 2665 468 2712 in
494 2664 588 2713 alta
612 2665 835 2712 fecerant
858 2678 1046 2728 quercu
1070 2663 1226 2713 favosz

194 2734 293 2783 Hos
318 2734 419 2782 fuci
445 2734 631 2782 inertes
656 2748 764 2782 esse
791 2732 1020 2784 dicebant
1044 2747 1173 2782 suos.

194 2804 276 2853 Lis
302 2803 361 2852 ad
386 2803 545 2851 forum
572 2803 779 2852 deducta
806 2809 900 2860 est,
929 2817 1077 2867 vespa
1102 2802 1282 2853 iudice.

1746 229 1805 272 50

1745 579 1801 622 55

1742 929 1801 972 60
