1940 3072
223 127 292 180 36
686 128 954 175 PHAEDRI
988 127 1360 173 FABVLARVM

294 254 398 304 Hoc
423 254 523 303 illis
548 254 734 303 dictum
760 258 856 309 est,
885 252 970 317 qui
996 250 1203 300 stultitia
1227 256 1466 301 nauseant

224 323 310 381 Et,
336 331 390 374 ut
413 329 650 389 putentur
674 336 873 387 sapere,
901 321 1093 371 caelum
1115 322 1415 386 vituperant.

778 475 1098 524 FABVLA
1133 476 1274 524 VHI.

405 570 720 614 SERPENS
749 571 847 612 AD
876 570 1175 627 FABROE
1202 569 1645 615 FERRARIVM.

294 671 651 722 Mordaciorem
677 672 762 736 qui
788 670 998 735 inprobo
1025 670 1172 720 dente
1198 669 1401 735 adpetit,

225 742 328 792 Hoc
354 746 641 806 argumento
666 755 719 790 se
746 740 964 790 describi
989 741 1185 790 sentiat.

294 812 351 860 In
376 811 622 861 officinam
645 809 775 860 fabri
799 812 934 860 venit
962 811 1149 874 vipera.

223 881 358 931 Haec
383 896 495 930 cum
519 886 806 945 temptaret,
835 882 976 946 siqua
1001 895 1083 929 res
1109 886 1240 930 esset
1265 880 1392 939 cibo,

223 951 416 1001 Limam
439 951 718 1000 momordit.
768 950 855 1000 Illa
881 955 1051 1000 contra
1076 956 1362 1000 contumax:

223 1018 353 1077 Quid
378 1036 483 1078 me,
509 1022 694 1086 inquit,
724 1020 892 1078 stulta,
922 1020 1070 1070 dente
1096 1026 1264 1085 captas
1288 1020 1501 1078 laedere,

224 1090 379 1140 Omne
405 1089 606 1140 adsuevi
630 1090 821 1139 ferrum
847 1105 971 1155 quae
997 1090 1300 1139 conroderet

807 1243 1126 1293 FABVLA
1161 1245 1249 1300 IX.

631 1338 946 1381 VVLPES
989 1340 1086 1382 ET
1131 1340 1409 1383 OAPER.

294 1440 451 1489 Homo
475 1440 527 1488 in
552 1439 795 1504 periclum
820 1439 963 1488 simul
991 1453 1046 1487 ac
1072 1440 1204 1488 venit
1229 1438 1448 1497 callidus,

224 1509 463 1575 Reperire
489 1509 725 1572 effugium
750 1510 944 1573 quaerit
971 1508 1174 1557 alterius
1197 1508 1342 1558 ma10.

295 1580 417 1629 Cum
441 1578 709 1628 decidisset
730 1577 901 1643 vulpes
926 1579 978 1627 in
1002 1583 1208 1642 puteum
1232 1579 1390 1627 inscia

223 1650 287 1699 Et
311 1649 486 1698 altiore
515 1648 827 1698 clauderetur
851 1650 1090 1711 margine,

223 1719 432 1768 Devenit
455 1718 626 1767 hircus
650 1718 822 1768 sitiens
846 1719 895 1768 in
922 1718 1131 1767 eundem
1154 1718 1343 1776 locum;

225 1787 382 1838 Simul
406 1790 622 1852 rogavit,
650 1794 778 1837 esset
805 1804 866 1837 an
893 1787 1051 1837 dulcis
1074 1787 1238 1853 liquor

223 1859 286 1908 Et
312 1858 572 1923 copiosus?
619 1857 707 1907 Illa
732 1858 956 1907 fraudem
980 1857 1215 1907 moliens:

223 1928 504 1985 Descende,
533 1930 716 1985 amice;
742 1934 876 1977 tanta
901 1927 1096 1977 bonitas
1122 1934 1199 1977 est
1223 1943 1393 1993 aquae,

224 1997 459 2063 Voluptas
482 2003 538 2046 ut
561 2000 732 2048 satiari
756 2013 855 2047 non
879 1999 1038 2062 possit
1060 2012 1187 2048 mea.

223 2067 420 2117 Inmisit
442 2083 495 2116 se
522 2066 777 2118 barbatus.
829 2067 955 2117 Tum
980 2068 1235 2132 vulpecula

223 2137 392 2186 Evasit
415 2143 587 2201 pute0‚
615 2140 731 2187 nixa
756 2138 903 2187 celsis
927 2136 1178 2194 cornibus,

225 2206 527 2272 Hircumque
555 2207 722 2257 clauso
748 2207 894 2272 liquit
918 2207 1205 2256 haerentem
1230 2208 1368 2258 vado.

817 2362 1135 2410 FABVLA
1171 2362 1231 2410 X.

592 2457 692 2498 DE
737 2457 993 2498 VI'I'IIS
1037 2457 1448 2501 HOMINVM.

292 2556 443 2605 Peras
470 2558 690 2621 inposuit
714 2555 936 2621 Iuppiter
960 2556 1106 2605 nobis
1133 2557 1277 2606 duas:

222 2625 446 2689 Propriis
470 2625 710 2691 repletam
734 2628 871 2676 vitiis
897 2632 1009 2691 post
1033 2632 1227 2690 tergum
1252 2626 1402 2683 dedit,

218 2695 407 2744 Alienis
433 2702 545 2744 ante
570 2702 741 2760 pectus
767 2696 1024 2761 suspendit
1048 2711 1261 2759 gravem.

293 2764 394 2812 Hac
421 2780 475 2813 re
501 2765 668 2814 videre
694 2771 863 2815 nostra
888 2766 1015 2815 mala
1040 2781 1138 2815 non
1162 2781 1448 2830 possumus;

225 2834 319 2882 Alii
347 2835 491 2883 simul
518 2835 832 2900 delinquunt,
861 2850 1090 2885 censores
1116 2851 1301 2884 sumus,

1764 259 1822 300 25

1766 2073 1823 2116 10
