1940 3072
266 167 335 224 38
942 166 1225 228 HELENA

268 305 352 346 235
372 295 565 348 Iliacos
590 289 855 363 proceres
858 285 974 346 -tres
998 295 1176 345 tecum
1198 309 1421 363 pergere
1446 293 1643 346 saltem

373 365 607 433 Imperio
634 363 864 416 concede
887 380 1034 432 meo,
1060 363 1364 415 ueneranda
1388 362 1634 416 senectus
1669 368 1673 369 ⁷
1860 403 1862 405 -
1902 401 1921 406 -r

375 434 730 502 Praecipitem
754 433 934 486 frenat
957 433 1177 486 monitis
1201 451 1299 501 per
1319 436 1517 490 cuncta
1539 433 1832 487 iuuentam.
1863 444 1874 469 ²
1894 456 1912 481 ι
1931 483 1937 488 b,

373 504 638 574 Egregios
665 504 885 556 comites
910 506 1174 572 praestem
1198 504 1322 572 tibi,
1347 504 1553 556 lumina
1579 503 1758 574 gentis
1782 518 1796 539 -,
1873 518 1881 538 ³

372 574 606 627 Hectore
631 574 870 642 praelato
897 574 984 626 cui
1006 576 1124 626 tota
1145 574 1389 642 potentia
1414 574 1578 627 cedit:

268 654 351 694 240
370 645 620 697 Antenor
644 643 962 712 Polydamas
988 644 1184 696 erunt
1168 644 1483 712 iuuenisque
1508 644 1717 697 Dionae

374 716 584 767 Aeneas
611 716 871 784 cognatus
897 714 1057 767 adest.
1076 719 1094 742 '
1143 714 1220 766 sic
1243 713 1404 766 fatus,
1455 717 1509 766 et
1534 732 1718 767 omnes

375 783 453 837 Ut
476 785 699 837 ueniant
723 802 815 836 rex
840 785 953 852 ipse
979 785 1128 836 iubet
1149 787 1471 852 properante
1495 781 1760 836 ministro,

375 854 511 907 Cum
537 854 756 907 ducibus
781 854 958 906 redit
942 872 1056 922 ipse
1082 855 1271 907 uolans
1297 853 1363 906 ad
1388 857 1528 906 tecta
1553 854 1764 907 satelles

373 923 569 993 Regia,
598 927 932 994 cognoscunt
953 942 1200 992 proceres
1226 943 1332 993 quo
1358 925 1480 977 uela
1503 926 1787 993 parantur,
1857 954 1860 956 ·

116 1008 170 1048 ep.
185 1010 242 1050 47]
269 1003 351 1044 245
371 994 486 1047 Nec
511 1013 685 1062 mora,
713 994 1077 1047 conscendunt
1100 1013 1306 1063 puppes
1332 998 1386 1046 et
1415 995 1576 1047 litora
1599 994 1868 1063 linquunt.

373 1065 627 1117 Dardana
650 1065 757 1116 iam
784 1065 966 1117 classis
992 1064 1247 1117 Tenedon
1271 1065 1561 1133 transibat,
1590 1064 1822 1133 Abydon

373 1135 448 1186 Et
474 1134 665 1188 Seston
692 1135 894 1186 dimisit
917 1135 1070 1203 aquis
1096 1152 1385 1203 saeuasque
1411 1133 1638 1202 Maleas,

374 1205 489 1257 Iam
516 1203 788 1257 Salamina
812 1203 999 1256 uident
1023 1203 1335 1257 Telamonia
1358 1221 1526 1273 regna
1548 1206 1809 1272 petentes,

377 1274 454 1328 Ut
478 1278 696 1343 portum
720 1275 944 1344 tetigere
970 1277 1134 1342 rateS,
1160 1293 1287 1327 mox
1311 1292 1510 1327 ancora
1532 1274 1744 1327 mordet

271 1354 354 1394 250
378 1344 530 1397 Litus
557 1348 611 1397 et
633 1345 883 1397 inuentas
908 1345 1109 1396 ferrum
1134 1344 1410 1412 pertundit
1432 1344 1677 1400 harenas,

373 1415 651 1483 Puppibus
677 1415 894 1466 adnexis
918 1418 1115 1466 terram
1141 1414 1374 1467 Troiana
1398 1415 1649 1467 iuuentus

374 1485 447 1536 Et
471 1503 716 1552 proceres
740 1485 942 1552 petiere
969 1485 1141 1536 simul.
1193 1484 1285 1536 sed
1309 1485 1450 1553 regis
1477 1484 1543 1535 ad
1567 1484 1744 1536 aulam
1846 1542 1850 1543 ⁷

376 1554 704 1622 Linquentes
731 1572 856 1607 mox
880 1555 1006 1606 litus
1034 1557 1179 1606 eunt.
1232 1572 1365 1622 quos
1396 1554 1618 1622 suscipit
1641 1554 1799 1607 heros

375 1624 627 1693 Hospitio
656 1624 929 1677 Telamon.
979 1642 1156 1676 ramos
1181 1624 1480 1677 frondentis
1508 1624 1682 1676 oliuae

198 1739 226 1766 „¹
269 1704 350 1744 255
373 1694 658 1747 Portantes
684 1695 750 1746 ad
775 1698 919 1747 tecta
944 1694 1090 1747 ducis
1115 1695 1254 1746 sub
1239 1695 1474 1774 1magine
1497 1694 1642 1762 pacis

375 1764 503 1817 Non
529 1782 714 1833 pacem
741 1764 832 1816 sed
856 1765 998 1817 bella
1022 1767 1240 1844 gerunt,
1274 1783 1398 1817 nam
1425 1764 1567 1816 dicta
1590 1764 1848 1816 tenebant

315 1835 522 1898 Quae
548 1837 767 1902 possent
791 1853 995 1886 armare
1021 1835 1198 1886 uirum
1224 1835 1327 1886 nisi
1353 1835 1470 1886 iura
1494 1837 1741 1886 uetarent

366 1904 613 1973 Hospitii
640 1922 775 1973 quae
800 1923 957 1957 nemo
984 1909 1138 1973 parat
1161 1905 1363 1956 uiolare
1390 1904 1674 1956 modestus,

375 1974 522 2043 Rege
549 1975 778 2027 salutato
805 1979 1089 2043 postquam
1116 1975 1312 2054 legatio
1339 1975 1529 2026 Troiae

270 2056 353 2094 260
377 2044 547 2112 Sedit,
577 2043 629 2096 et
653 2047 899 2099 Antenor
923 2045 1132 2113 placida
1158 2046 1232 2096 sic
1258 2062 1388 2096 uoce
1415 2044 1682 2112 profaztur

377 2115 736 2183 ‘Troiugenas
761 2133 1007 2182 proceres
1034 2118 1087 2166 et
1110 2115 1251 2183 regis
1276 2115 1472 2183 pignus
1497 2113 1562 2165 ad
1589 2113 1791 2181 aulam,

375 2184 490 2236 Rex
516 2184 799 2251 Telamon,
827 2185 1036 2237 uenisse
1061 2188 1206 2236 tuam
1213 2202 1369 2263 ‘quae
1396 2202 1553 2235 causa
1578 2182 1755 2251 coegit

376 2255 654 2306 Insinuare
681 2255 856 2306 decet:
898 2256 943 2307 si
968 2255 1182 2306 iusseris
1207 2255 1345 2321 ipse,
1372 2254 1660 2321 loquentur

377 2324 664 2377 Consortes
689 2343 834 2376 nunc
860 2343 950 2377 ore
977 2342 1094 2377 meo
1121 2324 1208 2376 uel
1234 2324 1381 2392 regia
1405 2322 1595 2391 proles,

271 2405 353 2444 265
373 2394 704 2446 Dardanides
730 2395 973 2446 Priamus
997 2394 1174 2463 gentis
1203 2397 1479 2462 reparator
1505 2396 1559 2444 et
1587 2392 1728 2443 urbis

377 2463 547 2526 Quam
569 2468 773 2517 uestras
791 2465 1074 2532 populasse
1094 2482 1281 2516 manus
1300 2463 1605 2515 meminisse
1625 2462 1869 2529 fatemur,

383 2623 465 2661 237
505 2621 755 2661 uiuientam
793 2634 907 2663 corr.
940 2621 1023 2660 JM
1162 2622 1244 2661 238
1275 2624 1356 2660 tua
1387 2632 1498 2660 corr.
1530 2618 1689 2658 Buech.
1725 2631 1775 2656 m.
1804 2617 1869 2656 rlz.

270 2678 352 2716 240
391 2676 653 2717 Polidamas
681 2676 686 2728 Ι
713 2677 861 2717 Dione
1002 2678 1084 2717 243
1115 2676 1215 2716 redi
1253 2689 1366 2717 corr.
1405 2675 1486 2714 IM
1628 2674 1711 2714 244
1749 2672 1871 2713 bella

271 2745 381 2772 corr.
418 2732 573 2773 Buech.
690 2734 773 2772 246
804 2732 954 2773 ahdon
986 2745 1099 2773 corr.
1133 2731 1211 2772 IM
1325 2733 1405 2771 247
1440 2731 1572 2782 aqius
1603 2742 1717 2770 corr.
1749 2728 1833 2768 IM
1861 2727 1867 2777 Ι

269 2799 414 2827 uouas
452 2801 583 2828 uacuo
615 2794 660 2828 uc
695 2790 862 2828 uidetur
898 2791 1040 2840 spatio
1076 2794 1228 2839 postea
1263 2788 1521 2838 inscriptum.
1582 2797 1745 2825 cumas
1785 2784 1813 2823 I
1823 2783 1875 2823 M

271 2844 354 2882 250
385 2844 556 2884 inuitas
588 2844 748 2884 Bacch.
778 2858 827 2887 m.
850 2845 913 2886 rlz.
1001 2844 1082 2884 259
1114 2843 1311 2883 solutato
1342 2854 1457 2883 corr.
1492 2842 1516 2880 I
1524 2841 1570 2881 M
1656 2842 1738 2881 260
1765 2840 1871 2891 fort.

272 2897 463 2939 Sederat
566 2901 647 2939 262
675 2899 893 2940 Τ313111011
994 2901 1076 2940 263
1109 2899 1243 2939 decet
1274 2901 1320 2939 et
1350 2899 1390 2939 si
1419 2897 1608 2937 uisseris
1639 2909 1754 2938 corr.
1785 2894 1877 2935 IM
