1940 3072
676 151 1080 206 sArlsr-Acmo
1620 162 1691 217 87

127 346 132 348 ,
263 285 500 342 Horrida
525 303 852 341 concurrens
871 286 1057 340 uincat
1079 287 1139 339 in
1163 303 1315 339 arma
1335 286 1598 341 fremens:
1700 290 1702 292 ’

193 355 310 410 Rex
335 357 428 427 qui
453 356 546 410 dat
569 357 785 410 ueniam
809 357 1048 410 subiecto
1075 359 1131 410 et
1153 358 1418 426 temperat
1440 357 1563 427 iraS‚

85 437 172 478 210
265 426 396 480 Plus
420 445 582 496 quam
604 427 763 480 turba
785 426 941 496 facit,
969 427 1061 496 qui
1086 444 1182 480 sua
1206 428 1367 480 corda
1391 427 1589 482 domat.

0 498 13 521 ⁴
194 497 270 550 Te
295 497 423 550 deus
449 497 713 566 aspiciens
739 496 1008 550 effundere
1032 497 1179 550 nolle
1205 515 1464 567 cruorem,
1549 561 1557 565 p

267 566 347 620 Ut
370 567 485 620 sine
510 571 729 636 peccato
754 585 867 620 non
886 567 1000 620 sine
1024 567 1180 620 laude
1207 567 1371 637 daret,

195 636 442 692 Contulit
464 638 674 690 absenti
697 641 870 690 terrae
893 637 1180 706 pelagique
1204 637 1534 707 triumphos:

0 742 9 771 ς
218 706 241 726 ’
266 707 460 760 Ansila
482 711 725 776 testatur,
751 707 969 760 Maurus
996 708 1194 776 ubique
1219 708 1372 761 iacet.

0 800 22 834 ‚4
85 788 171 830 215
198 776 353 840 Quod
374 781 604 847 pereunt
626 778 808 831 hostes
835 778 977 847 regis
1002 778 1222 830 fortuna
1246 781 1486 847 uocatur,
1558 794 1563 799 ·

0 845 4 853 ‘
266 846 421 910 Quod
444 851 672 917 pereunt
694 848 883 917 populi
908 848 1166 916 temporis
1193 847 1323 901 ordo
1349 849 1513 918 regit:

192 917 335 972 Nam
360 918 406 970 si
431 918 677 972 debilitas
702 919 903 971 faceret
926 917 1219 970 discurrere
1243 921 1459 987 morteS,

264 987 394 1042 Non
419 988 671 1041 caderent
692 1006 827 1058 puer
851 991 946 1041 aut
969 988 1352 1041 femina-sexus
1376 989 1538 1041 inerS.

196 1057 392 1111 Omnia
412 1062 625 1128 tempus
643 1060 772 1129 agit,
785 1077 906 1112 cum
924 1062 1167 1127 tempore
1180 1062 1374 1112 cuncta
1393 1059 1697 1128 trahuntur,

89 1138 175 1180 220
269 1128 535 1197 Tempora
560 1134 691 1182 eunt
714 1131 874 1197 uitae,
900 1133 1144 1197 tempora
1166 1129 1356 1181 mortis
1384 1133 1538 1182 eunt:

196 1197 300 1251 Sex
325 1202 452 1252 sunt
476 1202 676 1252 aetates
700 1199 981 1252 hominum
1006 1199 1194 1267 procul
1219 1217 1387 1267 usque
1414 1203 1701 1268 senectam,

265 1268 382 1321 Hae
408 1269 660 1322 distincta
682 1271 872 1322 tenent
894 1272 1139 1337 tempora
1164 1287 1405 1338 quaeque
1432 1288 1543 1322 sua.

195 1339 246 1392 N
251 1339 456 1408 unquid
476 1339 783 1392 adultorum
808 1340 1060 1408 strepitus
1085 1339 1317 1391 infantia
1342 1340 1568 1408 simplex

266 1408 521 1462 Uindicat
544 1413 638 1462 aut
661 1409 905 1462 fremitus
930 1411 1086 1479 pigra
1111 1412 1355 1461 senectus
1380 1410 1578 1463 habet?

91 1489 174 1530 225
198 1478 329 1532 Non
354 1480 641 1532 catulaster
665 1481 780 1550 agit
802 1480 1056 1548 puerilia,
1083 1498 1196 1532 non
1221 1497 1355 1547 puer
1380 1480 1540 1532 audet

267 1552 568 1603 Attrectare
592 1554 746 1603 tener
770 1550 967 1602 Martia
990 1550 1100 1602 tela
1124 1568 1303 1602 mann.

194 1618 324 1673 Non
347 1619 481 1673 furit
504 1621 562 1673 in
582 1620 849 1673 Uenerem
872 1621 1115 1673 nondum
1139 1620 1467 1688 pubentibus
1493 1620 1650 1673 annis

265 1690 382 1743 Nec
407 1691 505 1743 sub
534 1691 664 1744 flore
691 1709 858 1762 genae
884 1690 1150 1743 marcidus
1177 1693 1258 1743 est
1282 1690 1508 1759 iuueniS‚

194 1759 440 1813 Maturus
464 1765 685 1828 tractat,
713 1762 881 1830 gemit
906 1765 960 1813 et
983 1760 1334 1813 tremebunda
1359 1764 1603 1814 senectus

89 1842 175 1882 230
268 1830 464 1884 Nescia
487 1831 716 1884 feruoris
741 1831 829 1884 uel
852 1831 1089 1883 leuitatis
1113 1831 1286 1899 inops,

195 1901 457 1970 Nunquid
480 1920 606 1955 mox
630 1904 783 1954 natas
810 1905 1015 1971 segetes
1040 1901 1189 1953 uiror
1214 1903 1387 1953 armat
1411 1900 1587 1954 aristis

268 1970 518 2025 Floribus
544 1975 638 2024 aut
661 1972 858 2042 genitis
883 1972 1088 2024 fructus
1114 1972 1256 2023 inest
1279 1970 1496 2023 subito‘?

197 2040 463 2095 Nouimus
489 2047 631 2095 astra
654 2043 768 2110 poli
795 2042 1068 2095 confectos
1092 2041 1314 2110 perdere
1340 2059 1523 2093 cursus

270 2111 694 2181 Transactasque
721 2112 880 2165 simul
907 2113 982 2164 sic
1006 2112 1261 2180 repetisse
1286 2111 1419 2163 uias,

92 2192 177 2232 235
202 2181 465 2251 Tempore
490 2183 621 2236 luna
646 2201 742 2235 suo
769 2183 959 2236 crescit
984 2182 1071 2234 uel
1098 2182 1275 2235 deficit
1301 2182 1443 2250 orbe,

270 2251 434 2306 Cuius
459 2253 527 2305 ad
550 2257 781 2306 aetatem
806 2253 1037 2322 plurima
1061 2252 1179 2321 lege
1204 2254 1412 2305 notant.

197 2321 252 2376 N
254 2341 339 2375 am
364 2323 495 2376 luna
522 2327 789 2376 crescente
815 2324 1015 2375 fretum
1041 2325 1312 2375 crementa
1335 2321 1574 2390 resumit,

272 2391 388 2454 Qua
412 2394 688 2446 minuente
713 2394 851 2462 polis
878 2396 960 2445 est
983 2393 1161 2445 minor
1185 2392 1329 2444 unda
1352 2392 1528 2444 maris,

6 2518 11 2521 ,
200 2461 434 2531 Cynthia
459 2464 585 2516 dum
611 2464 799 2516 crescit
822 2463 998 2516 fontes
1026 2466 1078 2515 et
1102 2463 1326 2514 flumina
1351 2465 1611 2529 crescunt,

88 2542 175 2583 240
268 2532 417 2587 Haec
444 2533 628 2586 eadem
654 2534 911 2586 minuunt
936 2532 1171 2602 Cynthia
1196 2533 1323 2585 dum
1348 2531 1559 2584 minuit.

213 2676 296 2716 208
331 2676 478 2716 uincit
598 2678 680 2717 213
714 2676 920 2717 Consulit
949 2689 1007 2716 ex
1036 2677 1307 2727 interpolatis
1344 2687 1457 2717 corr.
1491 2675 1708 2715 Areualus

165 2731 249 2772 214
291 2733 445 2787 Marus
490 2745 548 2772 ex
590 2734 860 2786 interpolatis
896 2746 1010 2773 corr.
1048 2732 1262 2771 Areualus
1385 2730 1468 2770 218
1507 2731 1635 2783 pueri

91 2787 177 2827 225
216 2787 464 2828 catulaster
499 2801 614 2833 corr.
644 2802 703 2830 ex
741 2789 999 2829 catuiaster
1033 2801 1140 2827 man.
1174 2800 1260 2827 rec.
1292 2786 1546 2827 catulastra
1585 2786 1705 2840 gerit

93 2841 295 2885 sirmond
415 2846 497 2886 231
528 2845 660 2896 uigor
688 2848 842 2886 mauult
863 2846 1076 2885 Areualus
1191 2843 1273 2884 236
1304 2844 1422 2883 malis
1461 2846 1506 2882 et
1620 2843 1705 2884 239

94 2897 289 2948 Quintia
401 2901 485 2942 240
525 2903 660 2957 qutia
