1940 3072
804 110 1172 163 -76-

146 229 235 281 uel
275 247 395 281 cum
435 228 710 281 curriculis
750 228 842 280 lux
879 228 984 280 ibit
1022 230 1215 297 coepta
1255 226 1526 296 secundis,

145 302 338 355 tertius
379 306 472 355 aut
509 319 666 355 uerso
706 319 828 354 cum
866 301 1077 354 uenerit
1117 303 1266 354 ortus
1308 299 1552 369 Olympo,

218 375 346 429 Non
386 375 685 444 spernenda
723 375 824 428 tibi
864 378 991 429 sunt
1028 375 1181 443 talia,
1221 374 1313 428 sed
1352 391 1558 427 memor
1597 374 1691 428 uni

0 463 114 505 1865
147 450 279 503 adde
320 449 466 502 aliud
506 468 738 519 semper3
778 450 825 503 si
861 450 1025 502 tertia
1063 449 1291 518 denique
1331 448 1489 517 signa

145 523 489 594 proueniant,
529 524 684 576 firmo
725 525 1014 576 uenturum
1050 525 1269 591 pectore
1308 521 1435 575 fare.

147 601 201 650 et
238 600 636 650 transactorum
676 597 866 650 sollers
907 615 1212 666 conponere
1252 613 1499 648 mensum

146 672 303 742 signa
341 671 636 739 laborabis;
677 672 724 723 si
764 671 1067 723 confluxere
1105 673 1341 739 reperta,

145 750 486 815 nequaquam
524 745 793 814 trepidare
834 745 1005 813 pudor
1042 744 1366 812 persuadeat
1403 744 1561 796 ullus.

0 833 113 874 1870
147 822 417 872 astrorum
456 820 663 888 lapsus,
702 822 972 872 astrorum
1009 819 1256 887 protinus
1297 820 1447 871 ortus

145 893 375 961 discute,
414 893 460 945 si
499 911 655 945 casus
697 892 887 945 similis
928 895 982 945 et
1021 892 1178 945 stella
1216 910 1312 961 per
1351 891 1594 944 aethram

143 967 395 1035 prodidit.
472 967 645 1020 exacti
682 967 792 1019 iam
833 985 1044 1019 summa
1083 966 1398 1034 crepuscula
1436 965 1636 1018 mensis

145 1044 199 1093 et
240 1040 511 1111 surgentis
551 1040 684 1093 item
721 1040 1020 1110 primordia
1058 1040 1302 1093 conscius
1343 1039 1475 1092 artis

145 1114 259 1167 fare
299 1133 494 1168 sacrae.
571 1133 818 1168 mensum
857 1114 1093 1168 confinia
1132 1132 1343 1167 summa
1382 1113 1609 1166 duorum

0 1200 112 1241 1875
146 1207 305 1241 caeca
342 1190 529 1242 latent.
604 1189 739 1242 lucis
779 1188 911 1241 haec
951 1206 1163 1256 semper
1203 1190 1371 1240 semet
1408 1187 1467 1239 in
1506 1189 1626 1240 octo

143 1262 315 1315 inscia
354 1263 559 1316 lunaris
598 1263 829 1315 tendunt
866 1262 1023 1315 facis:
1062 1263 1182 1330 ipsa
1220 1261 1367 1314 fideli

143 1337 419 1405 perquires
461 1337 639 1389 studio
679 1339 733 1388 et
772 1336 948 1406 siquid
986 1336 1090 1388 tibi
1127 1336 1267 1389 forte
1305 1338 1599 1404 repertum,

143 1410 390 1478 pluribus
429 1410 641 1463 indiciis
683 1410 874 1463 sollers
913 1409 1103 1462 fulcire
1142 1412 1427 1462 memento.

265 1560 380 1600 1864
426 1554 543 1599 talia
587 1569 614 1599 v
659 1555 755 1600 alia
791 1555 877 1600 Ae
1030 1559 1143 1599 1866
1182 1555 1372 1610 pectore
1412 1568 1434 1598 e
1472 1555 1636 1611 peccat
1675 1568 1752 1599 ore
1790 1555 1837 1598 A

148 1618 260 1661 1867
303 1617 351 1658 et
380 1617 724 1659 transactorum
754 1628 780 1658 v
812 1614 983 1659 Errans
1016 1616 1226 1658 actorum
1256 1613 1301 1657 A
1333 1613 1371 1656 Ε
1403 1612 1742 1658 transactorum
1772 1628 1794 1659 e
1823 1613 1839 1672 Η

447 1673 487 1720 ἒ
503 1674 690 1707 mensium

145 1731 353 1762 mensum
393 1732 414 1762 e
444 1732 653 1762 mensum
683 1717 730 1761 A
855 1721 968 1762 1868
1001 1715 1041 1761 si
1072 1717 1330 1761 confluxere
1365 1717 1555 1762 Grotius
1586 1716 1626 1761 si
1657 1717 1723 1762 sic
1753 1717 1837 1762 flu·

142 1790 249 1820 xere
281 1775 327 1820 A
451 1782 563 1822 1869
594 1776 830 1833 trepidare
862 1791 886 1821 e
917 1775 1103 1832 trepida
1131 1776 1177 1820 A
1209 1778 1224 1833 ΙΙ
1254 1776 1405 1832 pudor
1435 1790 1457 1821 e
1488 1776 1636 1833 pudor
1666 1777 1717 1821 at
1746 1775 1793 1820 A
1824 1777 1836 1835 Η

144 1835 266 1878 ullus
307 1835 495 1881 Grotius
533 1836 653 1880 ullos
685 1836 731 1879 A
854 1840 968 1880 1874
1009 1848 1165 1880 sacrae
1205 1849 1228 1880 e
1266 1848 1390 1879 sacre
1430 1835 1475 1879 A
1513 1836 1529 1893 u
1566 1849 1777 1881 mensum
1816 1850 1838 1880 e

142 1894 180 1939 ᾇ)
198 1904 279 1927 men
285 1895 383 1928 sium

143 1951 351 1983 mensum
383 1938 429 1983 A
553 1943 666 1983 1877
698 1938 936 1995 perquires
968 1938 1013 1982 A
1044 1938 1259 1995 perquire
1287 1938 1331 1981 L
1354 1940 1370 1996 ΙΙ
1392 1939 1481 1983 tibi
1511 1953 1537 1983 v
1571 1937 1660 1983 sibi
1689 1937 1796 1982 AL
1815 1952 1837 1982 e

134 2002 242 2052 post
287 2011 466 2042 uersum
514 2000 636 2042 1878
678 1998 857 2042 duabus
896 1998 1030 2042 lineis
1068 1999 1230 2042 uacuis
1268 1999 1513 2043 interiectis
1551 1997 1673 2041 Ruffi
1712 1996 1838 2042 Festi

143 2058 314 2100 Aratus
355 2055 557 2113 explicit.
622 2056 791 2113 Incipit
831 2054 1037 2101 eiusdem
1077 2056 1200 2101 orbis
1240 2058 1362 2117 terre
1401 2057 1446 2100 A
1488 2056 1632 2102 RVFI
1668 2054 1837 2100 FESTI

140 2114 384 2159 ARATVS
439 2114 719 2160 EXPLICIT
772 2115 999 2160 INCIPIT
1048 2114 1320 2160 EIVSDEM
1368 2114 1540 2160 ORBIS
1589 2114 1833 2160 TERRAE

140 2173 322 2218 FELIX
353 2189 374 2218 e

1862 461 1930 495 540

1861 1201 1928 1235 550
