1940 3072
227 132 303 186 22
696 135 964 182 PHAEDRI
998 134 1370 181 FABVLARVM

233 267 454 327 Aesopus
477 260 549 310 ihi
573 266 731 317 stanS,
758 261 895 310 naris
919 266 1176 310 emunctae
1201 275 1365 317 senex,

230 330 419 383 Natura
443 345 710 395 numquam
734 329 887 379 verba
905 332 992 379 'cui
1018 332 1179 394 potuit
1203 329 1339 379 dare:

234 399 288 449 Si
314 414 584 465 procurare
609 401 686 449 vis
711 405 983 456 ostentum,
1010 401 1213 456 rustice,

235 469 444 528 onreS,
471 471 658 535 inquit,
685 469 747 519 da
774 470 873 519 tuis
897 468 1198 533 pastoribus·

806 596 846 644 F
860 595 959 643 AB
973 595 1020 642 V
1031 595 1071 643 L
1084 596 1131 643 A
1167 594 1256 643 IV.

697 676 962 718 LANIVS
990 677 1081 718 ΕΤ
1113 676 1370 719 SIMIVS.

305 748 527 798 Pendere
555 748 615 797 ad
640 747 826 798 lanium
851 747 1051 813 quidam
1077 748 1201 796 vidit
1227 749 1440 804 simium,

234 818 372 867 Inter
395 818 608 867 relicuas
632 833 823 868 merces
849 823 994 882 atque
1019 819 1251 883 opsonia;

236 886 512 945 Quaesivit,
539 887 774 952 quidnam
800 887 1027 952 saperet?
1077 887 1204 935 Tum
1227 887 1387 936 lanius
1412 889 1604 936 iocans:

236 956 412 1014 Quale,
439 959 626 1022 inquit,
653 964 799 1022 caput
824 963 924 1014 est,
953 957 1065 1006 talis
1090 962 1368 1021 praestatur
1393 972 1553 1021 sapor.

305 1026 529 1076 Ridicule
555 1030 712 1090 magis
735 1027 828 1076 hoc
854 1026 1041 1076 dictum
1068 1041 1214 1090 quam
1237 1041 1352 1075 vere
1379 1028 1612 1078 aestimo:

235 1095 441 1152 Quando
468 1101 517 1145 et
540 1096 782 1146 formosos
807 1110 954 1160 saepe
979 1097 1145 1144 inveni
1174 1097 1433 1159 pessimos,

235 1165 297 1214 Et
321 1167 455 1231 turpi
480 1166 607 1215 facie
632 1166 813 1216 multos
838 1167 1043 1229 cognovi
1069 1166 1297 1229 optimos,

830 1293 870 1341 F
882 1292 979 1339 AB
992 1292 1038 1339 V
1049 1292 1090 1339 L
1102 1292 1148 1339 A
1184 1291 1246 1339 V.

608 1372 922 1414 AESOPVS
950 1373 1042 1414 ΕΤ
1072 1373 1408 1414 PETVLAN
1412 1372 1463 1415 S.

308 1443 576 1493 Successus
603 1444 663 1492 ad
688 1445 964 1508 perniciem
990 1443 1169 1493 multos
1194 1444 1409 1492 devocat.

237 1515 425 1579 Aesopo
450 1513 649 1579 quidam
674 1513 902 1578 petulans
925 1514 1138 1578 lapidem
1166 1515 1439 1577 inpegerat.

237 1583 417 1640 Tanto,
446 1585 632 1648 inquit,
660 1582 856 1632 melior!
907 1583 1078 1632 Assem
1104 1583 1281 1631 deinde
1307 1583 1378 1631 illi
1406 1582 1557 1640 dedit,

239 1653 321 1702 Sic
345 1659 658 1718 prosecutus:
709 1652 824 1702 Plus
848 1668 946 1702 non
971 1653 1130 1702 habeo
1154 1653 1451 1709 mehercule,

237 1720 364 1780 Sed,
391 1722 521 1772 unde
548 1724 772 1787 accipere
798 1724 980 1787 possiS,
1008 1721 1292 1771 monstrabo
1316 1722 1428 1772 tihi.

236 1792 383 1842 Venit
407 1807 523 1841 ecce
550 1792 684 1841 dives
711 1798 760 1841 et
783 1799 980 1858 potens:
1018 1793 1134 1841 huic
1161 1792 1388 1841 similiter

236 1861 458 1927 Impinge
483 1861 696 1926 lapidem
723 1868 771 1910 et
799 1863 1001 1925 dignum
1026 1863 1239 1927 accipies
1264 1865 1558 1927 praemium.

237 1931 510 1981 Persuasus
533 1931 614 1980 ille
640 1932 784 1988 fecit,
812 1931 941 1996 quod
968 1934 1184 1981 monitus
1208 1932 1327 1989 fuit3

240 2001 336 2050 Sed
362 2015 476 2065 spes
499 2000 676 2050 fefellit
702 2002 1023 2066 inpudentem
1049 2002 1330 2050 audaciam:

238 2071 551 2136 Conprensus
574 2085 785 2135 namque
810 2086 993 2136 poenas
1018 2071 1255 2136 persolvit
1281 2086 1444 2120 cruce.

855 2197 1174 2246 FABVLA
1210 2198 1298 2249 VI.

685 2278 954 2319 MVSGA
999 2278 1098 2319 ΕΤ
1143 2278 1384 2321 MVLA.

305 2349 470 2398 Musca
493 2350 544 2397 in
571 2355 763 2398 temone
790 2349 918 2397 sedit
943 2355 992 2397 et
1016 2349 1199 2399 mulam
1222 2351 1512 2414 increpans:

236 2417 391 2475 Quam
416 2419 558 2467 tarda
584 2418 661 2467 es!
698 2419 884 2482 inquit,
911 2433 1008 2467 non
1033 2420 1107 2468 vis
1133 2421 1280 2468 citius
1304 2418 1566 2484 progredi?

236 2488 382 2545 Vide,
410 2502 473 2537 ne
500 2488 673 2537 dolone
699 2487 877 2537 collum
902 2503 1209 2552 conpungam
1234 2488 1345 2537 tibi.

236 2556 511 2621 Respondit
534 2557 641 2607 illa:
691 2556 869 2606 Verbis
894 2573 994 2607 non
1017 2572 1215 2606 moveor
1239 2560 1364 2614 tuis;

239 2626 335 2675 Sed
361 2628 510 2676 istum
534 2628 709 2684 timeo,
738 2626 854 2676 sella
880 2629 965 2692 qui
990 2629 1150 2692 prima
1175 2627 1350 2676 sedens

236 2695 408 2758 Iugum
434 2696 623 2759 flagello
648 2702 890 2762 temperat
923 2697 1056 2746 lento
1081 2711 1246 2746 meum

237 2764 299 2813 Et
324 2780 409 2813 ora
433 2766 590 2815 frenis
614 2768 833 2815 continet
857 2766 1214 2830 spumantibus,

237 2833 546 2899 Quapropter
572 2837 710 2886 aufer
734 2835 962 2888 frivolam
987 2837 1327 2894 insolentiam;

1780 331 1834 373 15
