1940 3072
701 186 713 244 j
791 147 1157 228 vm'554-617
1195 171 1198 174 ’

40 282 62 361 Ι,
81 285 101 368 ’,
127 279 130 281 θ
184 351 185 354 ,
254 299 355 355 ‘Et
375 300 547 370 gemit
568 299 881 358 infrendens
906 300 1160 353 amissum
1187 300 1370 353 nobile
1394 299 1608 370 pignus.

53 398 67 423 v
174 380 264 422 585
281 370 498 423 Atrides
521 370 598 423 sic
621 373 854 422 maestus
880 372 994 422 erat
1018 369 1082 422 de
1107 370 1335 450 coniuge
1359 374 1527 438 rapta.

279 436 494 493 Interea
517 442 727 492 Aeneas
751 439 961 492 rediens
984 439 1184 509 legatio
1210 439 1426 493 Trolam

279 508 518 580 Uenerat
542 512 596 562 et
619 508 833 563 Priamo
859 508 1164 562 Telamonis
1190 509 1332 562 dicta
1354 511 1608 578 reportat.

246 635 255 638 ἡ
281 578 386 634 Sed
410 578 656 632 Paridem
681 579 895 649 genitor
912 581 1197 648 postquam
1222 596 1334 632 non
1363 579 1501 631 uidit
1524 581 1774 647 amatum,

281 649 502 720 Plangit
526 652 580 702 et
603 649 843 702 albentes
868 649 1167 702 immundat
1189 650 1411 718 puluere
1437 666 1615 702 canos,
1790 662 1843 702 [p.
1867 661 1924 702 62]

104 775 111 778 Α
177 729 265 770 590
281 720 530 772 Antenor
544 718 760 772 Priamo
785 719 964 788 pelagi
987 737 1205 772 narrare
1231 719 1441 771 labores

280 789 398 842 Iam
422 789 552 842 fletu
575 792 828 842 manante
854 789 1006 859 genis
1033 791 1086 841 et
1111 788 1256 841 mille
1280 788 1480 857 pericla

284 858 571 928 Coeperat:
596 859 817 929 ignarus
842 858 971 927 quid
996 859 1058 910 de
1083 867 1298 927 pastore
1322 858 1558 926 procella

280 928 491 982 Fecerit
513 931 608 982 aut
630 928 842 981 iuuenis
868 929 1090 981 classem
1115 929 1159 980 si
1185 928 1431 980 merserit
1456 927 1606 980 unda

281 998 507 1052 Nescius
534 1015 624 1051 ore
648 997 835 1066 refert,
862 998 966 1050 hoc
989 1001 1202 1050 tantum
1225 1016 1383 1050 nosse
1406 997 1608 1050 fatetur

0 1063 41 1144 ξ’
86 1101 87 1104 =
177 1077 263 1118 595
282 1068 437 1130 Quod
460 1068 639 1138 pelagi
663 1069 836 1120 rabies
861 1069 1116 1121 subuerso
1142 1068 1351 1137 gurgite
1375 1068 1532 1137 ponti

286 1137 323 1191 S
362 1139 552 1190 arserit
574 1138 764 1190 Iliacas
788 1138 846 1189 in
869 1141 1184 1206 tempestate
1211 1139 1433 1191 carinas,

283 1157 384 1260 ἷξε
411 1208 563 1260 dictis
589 1208 758 1277 gemit
786 1209 910 1260 aula
936 1208 1098 1261 ducis,
1148 1225 1203 1260 se
1227 1207 1458 1260 luctibus
1484 1207 1613 1260 atris
1625 1249 1639 1275 ‚

264 1276 504 1330 ”Moenia
527 1278 734 1330 iustitio
759 1277 980 1330 foedant
1008 1280 1062 1330 et
1084 1278 1360 1347 plangitur
1383 1277 1539 1345 urbe,

286 1346 452 1400 Sexus
477 1351 701 1416 uterque
726 1348 919 1417 gemit,
945 1365 1055 1400 non
1081 1366 1179 1415 pro
1206 1347 1420 1400 uirtutis
1446 1349 1651 1400 honore

118 1437 120 1440 ¹
178 1428 265 1467 600
284 1418 399 1470 Aut
423 1417 565 1486 quod
589 1417 712 1470 talis
738 1420 852 1469 erat
876 1417 968 1485 qui
992 1421 1174 1485 posset
1197 1418 1340 1469 bella
1364 1418 1542 1470 subire

287 1489 401 1539 Aut
423 1487 634 1556 ingesta
658 1488 772 1557 pati
795 1487 884 1539 uel
909 1487 1129 1539 summis
1154 1487 1358 1539 uiribus
1382 1487 1592 1539 hostem

286 1557 555 1627 Frangere
581 1560 635 1609 et
660 1557 914 1609 ensiferas
939 1557 1051 1609 acie
1076 1557 1317 1626 iugulare
1345 1557 1591 1609 cohortes
1616 1589 1684 1595 —

286 1626 543 1688 Quamuis
569 1626 897 1695 Alexander,
925 1627 970 1678 si
995 1627 1199 1679 uiribus
1223 1626 1470 1679 Herculis
1495 1629 1634 1678 essct

286 1697 544 1749 Aemulus
571 1700 665 1749 aut
689 1699 830 1749 certe
855 1696 1184 1766 Meleagrum
1211 1700 1304 1749 aut
1327 1696 1534 1749 Thesea
1557 1696 1724 1748 fortes

180 1777 264 1817 605
287 1769 560 1835 Aequaret
583 1767 783 1818 uirtute
808 1769 1026 1835 potens⁷
1052 1770 1233 1819 tamen
1257 1766 1489 1819 Hectore
1514 1783 1711 1836 magno

289 1835 500 1904 Sospite
524 1854 684 1888 nemo
711 1835 876 1888 Parin
906 1836 1115 1905 lugeret
1139 1836 1297 1889 corde
1323 1836 1527 1888 dolenti
1553 1867 1616 1873 ——

288 1905 391 1959 Sed
416 1906 557 1976 regis
583 1906 709 1974 quia
733 1909 891 1958 natus
917 1909 1055 1971 erat,
1080 1906 1143 1958 fit
1166 1906 1411 1974 planctus
1436 1906 1495 1958 in
1519 1906 1665 1958 urbe.

286 1975 427 2029 Nam
453 1977 756 2044 quicunque
781 1993 986 2027 memor
1009 1975 1204 2028 Heleni
1228 1993 1353 2028 mox
1379 1975 1519 2028 dicta
1552 1975 1784 2044 tenebat,

287 2043 541 2098 Laetatur
566 2045 803 2115 gaudens
830 2046 920 2097 sed
945 2048 1155 2098 tantum
1179 2063 1311 2098 uoce
1337 2045 1568 2098 dolebat.

186 2126 269 2166 610
287 2115 438 2168 Tunc
462 2119 614 2183 pater
639 2116 848 2167 absenti
874 2115 1140 2167 tumulum
1165 2115 1433 2168 formabat
1457 2115 1689 2183 inanem,

289 2184 367 2238 Ut
390 2185 612 2238 iacuisse
637 2188 791 2253 putes
817 2185 1085 2252 praesenti
1109 2188 1279 2238 morte
1307 2186 1544 2237 cadauer.

285 2253 431 2307 Dum
453 2258 609 2323 parat
631 2254 849 2307 inferias
873 2255 1087 2324 genitor
1110 2258 1340 2307 mactare
1366 2255 1607 2323 sepulcro
1791 2267 1842 2306 [p-
1871 2265 1930 2307 63]

287 2324 414 2377 Non
440 2325 531 2377 ubi
558 2343 749 2393 corpus
776 2329 888 2376 erat
912 2325 999 2376 uel
1023 2325 1101 2376 nil
1128 2326 1319 2377 satiare
1345 2343 1556 2392 cruore,

291 2393 397 2446 Per
420 2395 559 2447 freta
585 2395 923 2462 conspiciunt
946 2397 1132 2446 notam
1158 2396 1220 2446 de
1246 2395 1402 2447 litore
1431 2395 1663 2447 classem,

192 2474 274 2514 615
298 2463 480 2516 Prima
504 2464 633 2516 ratis
658 2464 867 2516 iuuenis
892 2464 1060 2533 regali
1083 2465 1324 2532 praedita
1348 2465 1502 2533 signo

295 2536 538 2602 Apparet
563 2552 722 2602 quam
748 2537 887 2585 serta
911 2533 1085 2603 ligant
1110 2537 1266 2586 enata
1290 2534 1496 2586 rosetis,

294 2602 537 2675 Candida
561 2604 719 2671 pepla
744 2603 933 2655 uolant
958 2606 1011 2655 et
1035 2604 1252 2655 carbasa
1278 2604 1474 2656 sericus
1501 2607 1674 2672 ornat,

302 2731 384 2772 589
416 2727 576 2785 canos]
604 2731 713 2782 fort.
741 2732 890 2772 crines
977 2732 1059 2771 590
1087 2730 1265 2771 Anteno
1296 2744 1409 2772 corr,
1431 2731 1512 2771 IM
1598 2733 1679 2772 597
1708 2731 1790 2772 sed

185 2786 268 2827 602
292 2787 453 2838 ‚aciem
491 2800 604 2827 corr.
641 2787 734 2827 IM
846 2788 928 2827 604
965 2788 1116 2827 Tesea
1232 2788 1312 2827 612
1350 2786 1590 2839 sepulchro
1706 2789 1791 2829 614

188 2842 446 2895 conspiciunt
482 2855 595 2883 corr.
629 2842 656 2881 I
666 2842 721 2882 M
859 2843 940 2882 616
978 2842 1138 2894 legant
1176 2856 1288 2883 corr.
1322 2843 1346 2882 I
1356 2843 1411 2883 M
1439 2842 1445 2894 Ι
1481 2846 1643 2884 ornata
1674 2856 1790 2886 corr.

190 2896 350 2939 Rueck.
382 2911 434 2938 m.
467 2899 531 2940 rh.
650 2899 731 2938 617
763 2898 938 2938 seriens
968 2910 1081 2939 corr.
1114 2899 1205 2938 IM

272 2965 491 2998 Dmconm
512 2966 698 2998 carmina.
1426 2970 1453 3008 4
