<?xml version="1.0" encoding="UTF-8"?>
<!DOCTYPE html PUBLIC "-//W3C//DTD XHTML 1.0 Transitional//EN"
    "http://www.w3.org/TR/xhtml1/DTD/xhtml1-transitional.dtd">
<html xmlns="http://www.w3.org/1999/xhtml" xml:lang="en" lang="en">
 <head>
  <title>
</title>
<meta http-equiv="Content-Type" content="text/html;charset=utf-8" />
  <meta name='ocr-system' content='tesseract 3.04.00' />
  <meta name='ocr-capabilities' content='ocr_page ocr_carea ocr_par ocr_line ocrx_word'/>
</head>
<body>
  <div class='ocr_page' id='page_1' title='image "./phaedriaugustili00phaeuoft_0240.png"; bbox 0 0 1940 3072; ppageno 0'>
   <div class='ocr_carea' id='block_1_1' title="bbox 88 228 179 416">
    <p class='ocr_par' dir='ltr' id='par_1_1' title="bbox 88 228 179 416">
     <span class='ocr_line' id='line_1_1' title="bbox 92 228 179 270; baseline 0.023 -2"><span class='ocrx_word' id='word_1_1' title='bbox 92 228 179 270; x_wconf 86' lang='lat'>357</span> 
     </span>
     <span class='ocr_line' id='line_1_2' title="bbox 88 302 177 343; baseline 0.011 -1"><span class='ocrx_word' id='word_1_2' title='bbox 88 302 177 343; x_wconf 86' lang='lat'>359</span> 
     </span>
     <span class='ocr_line' id='line_1_3' title="bbox 89 376 178 416; baseline 0.011 -1"><span class='ocrx_word' id='word_1_3' title='bbox 89 376 178 416; x_wconf 86' lang='lat'>360</span> 
     </span>
    </p>
   </div>
   <div class='ocr_carea' id='block_1_2' title="bbox 90 743 178 784">
    <p class='ocr_par' dir='ltr' id='par_1_2' title="bbox 90 743 178 784">
     <span class='ocr_line' id='line_1_4' title="bbox 90 743 178 784; baseline -0.011 0"><span class='ocrx_word' id='word_1_4' title='bbox 90 743 178 784; x_wconf 85' lang='lat'>365</span> 
     </span>
    </p>
   </div>
   <div class='ocr_carea' id='block_1_3' title="bbox 868 97 1234 150">
    <p class='ocr_par' dir='ltr' id='par_1_3' title="bbox 868 97 1234 150">
     <span class='ocr_line' id='line_1_5' title="bbox 868 97 1234 150; baseline 0 -16"><span class='ocrx_word' id='word_1_5' title='bbox 868 97 1234 150; x_wconf 54' lang='grc'><strong>,16-</strong></span> 
     </span>
    </p>
   </div>
   <div class='ocr_carea' id='block_1_4' title="bbox 209 214 1811 1110">
    <p class='ocr_par' dir='ltr' id='par_1_4' title="bbox 209 214 1811 875">
     <span class='ocr_line' id='line_1_6' title="bbox 211 214 1736 285; baseline 0 -16"><span class='ocrx_word' id='word_1_6' title='bbox 211 217 338 269; x_wconf 90' lang='grc'><strong>10118</strong></span> <span class='ocrx_word' id='word_1_7' title='bbox 378 216 645 285; x_wconf 74' lang='lat' dir='ltr'><strong>utrimque</strong></span> <span class='ocrx_word' id='word_1_8' title='bbox 683 215 843 269; x_wconf 89' lang='lat' dir='ltr'>modo</span> <span class='ocrx_word' id='word_1_9' title='bbox 886 215 1046 268; x_wconf 90' lang='lat' dir='ltr'>simul</span> <span class='ocrx_word' id='word_1_10' title='bbox 1086 217 1140 268; x_wconf 91' lang='lat' dir='ltr'>et</span> <span class='ocrx_word' id='word_1_11' title='bbox 1176 214 1385 285; x_wconf 82' lang='lat' dir='ltr'><strong>fulgore</strong></span> <span class='ocrx_word' id='word_1_12' title='bbox 1424 214 1591 268; x_wconf 91' lang='lat' dir='ltr'>micat</span> <span class='ocrx_word' id='word_1_13' title='bbox 1628 216 1736 270; x_wconf 74' lang='lat' dir='ltr'>lux,</span> 
     </span>
     <span class='ocr_line' id='line_1_7' title="bbox 211 288 1637 358; baseline -0.001 -15"><span class='ocrx_word' id='word_1_14' title='bbox 211 308 308 343; x_wconf 87' lang='lat' dir='ltr'>nec</span> <span class='ocrx_word' id='word_1_15' title='bbox 349 289 749 358; x_wconf 90' lang='lat' dir='ltr'>contemplandi</span> <span class='ocrx_word' id='word_1_16' title='bbox 786 288 940 342; x_wconf 90' lang='lat' dir='ltr'>labor</span> <span class='ocrx_word' id='word_1_17' title='bbox 979 289 1168 342; x_wconf 86' lang='lat' dir='ltr'>anxius</span> <span class='ocrx_word' id='word_1_18' title='bbox 1177 330 1192 358; x_wconf 89' lang='lat'><em>‚</em></span> <span class='ocrx_word' id='word_1_19' title='bbox 1231 288 1412 342; x_wconf 88' lang='lat' dir='ltr'>omnia</span> <span class='ocrx_word' id='word_1_20' title='bbox 1449 288 1637 357; x_wconf 89' lang='lat' dir='ltr'>primis</span> 
     </span>
     <span class='ocr_line' id='line_1_8' title="bbox 212 363 1548 431; baseline -0.001 -15"><span class='ocrx_word' id='word_1_21' title='bbox 212 364 375 416; x_wconf 92' lang='lat' dir='ltr'>obuia</span> <span class='ocrx_word' id='word_1_22' title='bbox 414 382 509 416; x_wconf 91' lang='lat' dir='ltr'>ceu</span> <span class='ocrx_word' id='word_1_23' title='bbox 547 363 764 416; x_wconf 89' lang='lat' dir='ltr'>uibrant</span> <span class='ocrx_word' id='word_1_24' title='bbox 803 363 1105 416; x_wconf 89' lang='lat' dir='ltr'>obtutibus:</span> <span class='ocrx_word' id='word_1_25' title='bbox 1144 380 1281 415; x_wconf 87' lang='lat' dir='ltr'>unus</span> <span class='ocrx_word' id='word_1_26' title='bbox 1322 363 1391 415; x_wconf 90' lang='lat' dir='ltr'>ob</span> <span class='ocrx_word' id='word_1_27' title='bbox 1433 380 1548 431; x_wconf 86' lang='lat' dir='ltr'>ora,</span> 
     </span>
     <span class='ocr_line' id='line_1_9' title="bbox 211 435 1710 506; baseline 0 -16"><span class='ocrx_word' id='word_1_28' title='bbox 211 456 315 506; x_wconf 91' lang='lat' dir='ltr'>qua</span> <span class='ocrx_word' id='word_1_29' title='bbox 355 440 479 490; x_wconf 89' lang='lat' dir='ltr'>sunt</span> <span class='ocrx_word' id='word_1_30' title='bbox 515 437 690 506; x_wconf 92' lang='lat' dir='ltr'>prima</span> <span class='ocrx_word' id='word_1_31' title='bbox 727 437 872 489; x_wconf 86' lang='lat' dir='ltr'>ferae</span> <span class='ocrx_word' id='word_1_32' title='bbox 911 436 1166 506; x_wconf 83' lang='lat' dir='ltr'>uestigia,</span> <span class='ocrx_word' id='word_1_33' title='bbox 1204 435 1506 504; x_wconf 85' lang='lat' dir='ltr'>praeminet</span> <span class='ocrx_word' id='word_1_34' title='bbox 1543 436 1710 506; x_wconf 87' lang='lat' dir='ltr'>ignis,</span> 
     </span>
     <span class='ocr_line' id='line_1_10' title="bbox 209 509 1667 581; baseline -0.001 -18"><span class='ocrx_word' id='word_1_35' title='bbox 209 512 398 581; x_wconf 82' lang='lat' dir='ltr'>altera,</span> <span class='ocrx_word' id='word_1_36' title='bbox 439 529 543 580; x_wconf 89' lang='lat' dir='ltr'>qua</span> <span class='ocrx_word' id='word_1_37' title='bbox 580 510 804 580; x_wconf 89' lang='lat' dir='ltr'>pedibus</span> <span class='ocrx_word' id='word_1_38' title='bbox 843 510 992 579; x_wconf 88' lang='lat' dir='ltr'>regio</span> <span class='ocrx_word' id='word_1_39' title='bbox 1034 512 1118 562; x_wconf 88' lang='lat' dir='ltr'>est</span> <span class='ocrx_word' id='word_1_40' title='bbox 1156 509 1474 578; x_wconf 82' lang='lat' dir='ltr'>clunalibuS,</span> <span class='ocrx_word' id='word_1_41' title='bbox 1515 510 1667 562; x_wconf 87' lang='lat' dir='ltr'>ardet</span> 
     </span>
     <span class='ocr_line' id='line_1_11' title="bbox 212 583 1735 654; baseline -0.001 -18"><span class='ocrx_word' id='word_1_42' title='bbox 212 585 370 637; x_wconf 90' lang='lat' dir='ltr'>stella</span> <span class='ocrx_word' id='word_1_43' title='bbox 407 585 594 637; x_wconf 89' lang='lat' dir='ltr'>itidem</span> <span class='ocrx_word' id='word_1_44' title='bbox 633 584 968 654; x_wconf 79' lang='lat' dir='ltr'>genibusque</span> <span class='ocrx_word' id='word_1_45' title='bbox 1007 583 1198 636; x_wconf 89' lang='lat' dir='ltr'>dehinc</span> <span class='ocrx_word' id='word_1_46' title='bbox 1237 601 1293 636; x_wconf 92' lang='grc'>80</span> <span class='ocrx_word' id='word_1_47' title='bbox 1332 583 1496 635; x_wconf 88' lang='lat' dir='ltr'>tertia</span> <span class='ocrx_word' id='word_1_48' title='bbox 1533 583 1735 651; x_wconf 79' lang='lat' dir='ltr'><strong>promit</strong></span> 
     </span>
     <span class='ocr_line' id='line_1_12' title="bbox 212 656 1624 728; baseline 0 -18"><span class='ocrx_word' id='word_1_49' title='bbox 212 659 442 727; x_wconf 86' lang='lat' dir='ltr'>aemula,</span> <span class='ocrx_word' id='word_1_50' title='bbox 482 677 588 728; x_wconf 92' lang='lat' dir='ltr'>qua</span> <span class='ocrx_word' id='word_1_51' title='bbox 627 658 823 711; x_wconf 90' lang='lat' dir='ltr'>rutilae</span> <span class='ocrx_word' id='word_1_52' title='bbox 861 657 1099 728; x_wconf 89' lang='lat' dir='ltr'>flagrant</span> <span class='ocrx_word' id='word_1_53' title='bbox 1138 657 1370 710; x_wconf 89' lang='lat' dir='ltr'>confinia</span> <span class='ocrx_word' id='word_1_54' title='bbox 1409 656 1624 710; x_wconf 90' lang='lat' dir='ltr'>caudae.</span> 
     </span>
     <span class='ocr_line' id='line_1_13' title="bbox 209 731 1811 800; baseline 0 -16"><span class='ocrx_word' id='word_1_55' title='bbox 209 749 322 784; x_wconf 93' lang='lat' dir='ltr'>non</span> <span class='ocrx_word' id='word_1_56' title='bbox 359 735 542 785; x_wconf 91' lang='lat' dir='ltr'>tamen</span> <span class='ocrx_word' id='word_1_57' title='bbox 578 731 664 784; x_wconf 90' lang='lat' dir='ltr'>his</span> <span class='ocrx_word' id='word_1_58' title='bbox 705 731 932 800; x_wconf 79' lang='lat' dir='ltr'>specieS,</span> <span class='ocrx_word' id='word_1_59' title='bbox 970 749 1081 784; x_wconf 94' lang='lat' dir='ltr'>non</span> <span class='ocrx_word' id='word_1_60' title='bbox 1120 733 1246 784; x_wconf 88' lang='lat' dir='ltr'>sunt</span> <span class='ocrx_word' id='word_1_61' title='bbox 1283 731 1605 800; x_wconf 90' lang='lat' dir='ltr'>cognomina</span> <span class='ocrx_word' id='word_1_62' title='bbox 1643 733 1811 799; x_wconf 91' lang='lat' dir='ltr'>certa,</span> 
     </span>
     <span class='ocr_line' id='line_1_14' title="bbox 213 805 1604 875; baseline -0.001 -17"><span class='ocrx_word' id='word_1_63' title='bbox 213 805 305 858; x_wconf 90' lang='lat' dir='ltr'>sed</span> <span class='ocrx_word' id='word_1_64' title='bbox 342 807 610 875; x_wconf 87' lang='lat' dir='ltr'>permixta</span> <span class='ocrx_word' id='word_1_65' title='bbox 650 806 807 858; x_wconf 92' lang='lat' dir='ltr'>simul</span> <span class='ocrx_word' id='word_1_66' title='bbox 846 805 1000 874; x_wconf 90' lang='lat' dir='ltr'>uulgi</span> <span class='ocrx_word' id='word_1_67' title='bbox 1037 805 1155 858; x_wconf 92' lang='lat' dir='ltr'>uice</span> <span class='ocrx_word' id='word_1_68' title='bbox 1195 805 1604 858; x_wconf 86' lang='lat' dir='ltr'>conuoluuntur.</span> 
     </span>
    </p>

    <p class='ocr_par' dir='ltr' id='par_1_5' title="bbox 210 878 1671 1096">
     <span class='ocr_line' id='line_1_15' title="bbox 283 878 1617 963; baseline -0.001 -31"><span class='ocrx_word' id='word_1_69' title='bbox 283 879 387 933; x_wconf 94' lang='lat' dir='ltr'>Illa</span> <span class='ocrx_word' id='word_1_70' title='bbox 426 879 641 963; x_wconf 86' lang='lat' dir='ltr'>quidem</span> <span class='ocrx_word' id='word_1_71' title='bbox 682 897 873 948; x_wconf 88' lang='lat' dir='ltr'>supero</span> <span class='ocrx_word' id='word_1_72' title='bbox 907 881 1157 931; x_wconf 88' lang='lat' dir='ltr'>conserta</span> <span class='ocrx_word' id='word_1_73' title='bbox 1194 878 1457 931; x_wconf 72' lang='lat' dir='ltr'>relabitur</span> <span class='ocrx_word' id='word_1_74' title='bbox 1497 896 1617 947; x_wconf 82' lang='lat' dir='ltr'>axe,</span> 
     </span>
     <span class='ocr_line' id='line_1_16' title="bbox 210 952 1516 1022; baseline 0 -18"><span class='ocrx_word' id='word_1_75' title='bbox 210 953 382 1006; x_wconf 90' lang='lat' dir='ltr'>inscia</span> <span class='ocrx_word' id='word_1_76' title='bbox 419 953 618 1022; x_wconf 82' lang='lat' dir='ltr'>piscosi</span> <span class='ocrx_word' id='word_1_77' title='bbox 659 970 869 1022; x_wconf 90' lang='lat' dir='ltr'>semper</span> <span class='ocrx_word' id='word_1_78' title='bbox 910 952 1052 1004; x_wconf 84' lang='lat' dir='ltr'>salis,</span> <span class='ocrx_word' id='word_1_79' title='bbox 1127 952 1296 1021; x_wconf 91' lang='lat' dir='ltr'>ipsius</span> <span class='ocrx_word' id='word_1_80' title='bbox 1337 954 1516 1004; x_wconf 91' lang='lat' dir='ltr'>autem</span> 
     </span>
     <span class='ocr_line' id='line_1_17' title="bbox 213 1025 1671 1110; baseline 0 -32"><span class='ocrx_word' id='word_1_81' title='bbox 213 1027 483 1080; x_wconf 90' lang='lat' dir='ltr'>subiectos</span> <span class='ocrx_word' id='word_1_82' title='bbox 524 1026 688 1095; x_wconf 90' lang='lat' dir='ltr'>capiti</span> <span class='ocrx_word' id='word_1_83' title='bbox 728 1027 1016 1110; x_wconf 85' lang='lat' dir='ltr'>geminos</span> <span class='ocrx_word' id='word_1_84' title='bbox 1055 1026 1156 1078; x_wconf 89' lang='lat' dir='ltr'>tibi</span> <span class='ocrx_word' id='word_1_85' title='bbox 1196 1043 1408 1078; x_wconf 91' lang='lat' dir='ltr'>cernere</span> <span class='ocrx_word' id='word_1_86' title='bbox 1445 1025 1528 1078; x_wconf 87' lang='lat' dir='ltr'>fas</span> <span class='ocrx_word' id='word_1_87' title='bbox 1569 1028 1671 1092; x_wconf 82' lang='lat' dir='ltr'>est,</span> 
     </span>
    </p>
   </div>
   <div class='ocr_carea' id='block_1_5' title="bbox 93 1099 1778 1170">
    <p class='ocr_par' dir='ltr' id='par_1_6' title="bbox 93 1099 1778 1170">
     <span class='ocr_line' id='line_1_18' title="bbox 93 1099 1778 1170; baseline 0 -18"><span class='ocrx_word' id='word_1_88' title='bbox 93 1113 181 1152; x_wconf 87' lang='lat'>370</span> <span class='ocrx_word' id='word_1_89' title='bbox 215 1099 561 1170; x_wconf 75' lang='lat' dir='ltr'><strong>Spartanam,</strong></span> <span class='ocrx_word' id='word_1_90' title='bbox 601 1101 868 1170; x_wconf 83' lang='lat' dir='ltr'>geminOS,</span> <span class='ocrx_word' id='word_1_91' title='bbox 910 1099 1151 1153; x_wconf 90' lang='lat' dir='ltr'>subolem</span> <span class='ocrx_word' id='word_1_92' title='bbox 1189 1099 1499 1168; x_wconf 88' lang='lat' dir='ltr'>prolemque</span> <span class='ocrx_word' id='word_1_93' title='bbox 1538 1100 1778 1152; x_wconf 86' lang='lat' dir='ltr'>tonantis</span> 
     </span>
    </p>
   </div>
   <div class='ocr_carea' id='block_1_6' title="bbox 92 1480 178 1520">
    <p class='ocr_par' dir='ltr' id='par_1_7' title="bbox 92 1480 178 1520">
     <span class='ocr_line' id='line_1_19' title="bbox 92 1480 178 1520; baseline -0.012 0"><span class='ocrx_word' id='word_1_94' title='bbox 92 1480 178 1520; x_wconf 88' lang='lat'>375</span> 
     </span>
    </p>
   </div>
   <div class='ocr_carea' id='block_1_7' title="bbox 93 1847 178 1887">
    <p class='ocr_par' dir='ltr' id='par_1_8' title="bbox 93 1847 178 1887">
     <span class='ocr_line' id='line_1_20' title="bbox 93 1847 178 1887; baseline 0 0"><span class='ocrx_word' id='word_1_95' title='bbox 93 1847 178 1887; x_wconf 87' lang='lat'>380</span> 
     </span>
    </p>
   </div>
   <div class='ocr_carea' id='block_1_8' title="bbox 210 1172 1850 2052">
    <p class='ocr_par' dir='ltr' id='par_1_9' title="bbox 211 1172 1788 1390">
     <span class='ocr_line' id='line_1_21' title="bbox 212 1172 1706 1243; baseline -0.001 -17"><span class='ocrx_word' id='word_1_96' title='bbox 212 1175 484 1243; x_wconf 84' lang='lat' dir='ltr'>egregiam</span> <span class='ocrx_word' id='word_1_97' title='bbox 525 1177 579 1226; x_wconf 93' lang='grc'>01</span> <span class='ocrx_word' id='word_1_98' title='bbox 616 1175 836 1243; x_wconf 88' lang='lat' dir='ltr'>proprio</span> <span class='ocrx_word' id='word_1_99' title='bbox 869 1176 995 1242; x_wconf 87' lang='lat' dir='ltr'>post</span> <span class='ocrx_word' id='word_1_100' title='bbox 1031 1172 1241 1225; x_wconf 86' lang='lat' dir='ltr'>reddita</span> <span class='ocrx_word' id='word_1_101' title='bbox 1279 1173 1504 1225; x_wconf 91' lang='lat' dir='ltr'>numina</span> <span class='ocrx_word' id='word_1_102' title='bbox 1543 1173 1706 1226; x_wconf 90' lang='lat' dir='ltr'>caelo.</span> 
     </span>
     <span class='ocr_line' id='line_1_22' title="bbox 211 1245 1788 1317; baseline 0 -18"><span class='ocrx_word' id='word_1_103' title='bbox 211 1266 338 1300; x_wconf 91' lang='lat' dir='ltr'>nam</span> <span class='ocrx_word' id='word_1_104' title='bbox 378 1248 817 1301; x_wconf 84' lang='lat' dir='ltr'>Lacedaemoniis</span> <span class='ocrx_word' id='word_1_105' title='bbox 858 1247 1005 1300; x_wconf 90' lang='lat' dir='ltr'>Mars</span> <span class='ocrx_word' id='word_1_106' title='bbox 1044 1265 1165 1299; x_wconf 92' lang='lat' dir='ltr'>cum</span> <span class='ocrx_word' id='word_1_107' title='bbox 1204 1246 1460 1299; x_wconf 87' lang='lat' dir='ltr'>caluisset</span> <span class='ocrx_word' id='word_1_108' title='bbox 1497 1245 1788 1317; x_wconf 86' lang='lat' dir='ltr'>Aphidnis,</span> 
     </span>
     <span class='ocr_line' id='line_1_23' title="bbox 213 1319 1453 1390; baseline -0.002 -16"><span class='ocrx_word' id='word_1_109' title='bbox 213 1319 441 1375; x_wconf 82' lang='lat' dir='ltr'>Castora</span> <span class='ocrx_word' id='word_1_110' title='bbox 480 1321 727 1390; x_wconf 80' lang='lat' dir='ltr'>Cecropii</span> <span class='ocrx_word' id='word_1_111' title='bbox 765 1321 892 1373; x_wconf 91' lang='lat' dir='ltr'>tulit</span> <span class='ocrx_word' id='word_1_112' title='bbox 928 1321 1271 1373; x_wconf 85' lang='lat' dir='ltr'>inclementia</span> <span class='ocrx_word' id='word_1_113' title='bbox 1310 1321 1453 1373; x_wconf 89' lang='lat' dir='ltr'>belli.</span> 
     </span>
    </p>

    <p class='ocr_par' dir='ltr' id='par_1_10' title="bbox 213 1394 1539 1463">
     <span class='ocr_line' id='line_1_24' title="bbox 213 1394 1539 1463; baseline -0.001 -17"><span class='ocrx_word' id='word_1_114' title='bbox 213 1398 270 1446; x_wconf 89' lang='lat' dir='ltr'>at</span> <span class='ocrx_word' id='word_1_115' title='bbox 306 1395 473 1447; x_wconf 83' lang='lat' dir='ltr'>frater</span> <span class='ocrx_word' id='word_1_116' title='bbox 510 1396 789 1463; x_wconf 91' lang='lat' dir='ltr'>lucemque</span> <span class='ocrx_word' id='word_1_117' title='bbox 830 1398 884 1447; x_wconf 93' lang='lat' dir='ltr'>et</span> <span class='ocrx_word' id='word_1_118' title='bbox 920 1395 1037 1447; x_wconf 88' lang='lat' dir='ltr'>fata</span> <span class='ocrx_word' id='word_1_119' title='bbox 1077 1394 1379 1462; x_wconf 71' lang='lat' dir='ltr'>superstitis</span> <span class='ocrx_word' id='word_1_120' title='bbox 1420 1395 1539 1447; x_wconf 87' lang='lat' dir='ltr'>aeui</span> 
     </span>
    </p>

    <p class='ocr_par' dir='ltr' id='par_1_11' title="bbox 212 1467 1574 1758">
     <span class='ocr_line' id='line_1_25' title="bbox 212 1467 1507 1538; baseline -0.002 -17"><span class='ocrx_word' id='word_1_121' title='bbox 212 1486 403 1521; x_wconf 88' lang='lat' dir='ltr'>exosus</span> <span class='ocrx_word' id='word_1_122' title='bbox 445 1471 647 1521; x_wconf 87' lang='lat' dir='ltr'>sortem</span> <span class='ocrx_word' id='word_1_123' title='bbox 685 1468 919 1521; x_wconf 81' lang='lat' dir='ltr'>lacrimis</span> <span class='ocrx_word' id='word_1_124' title='bbox 961 1467 1227 1538; x_wconf 88' lang='lat' dir='ltr'>efflagitat</span> <span class='ocrx_word' id='word_1_125' title='bbox 1266 1485 1507 1536; x_wconf 90' lang='lat' dir='ltr'>aequam.</span> 
     </span>
     <span class='ocr_line' id='line_1_26' title="bbox 212 1541 1532 1611; baseline 0 -18"><span class='ocrx_word' id='word_1_126' title='bbox 212 1543 459 1610; x_wconf 86' lang='lat' dir='ltr'>protinus</span> <span class='ocrx_word' id='word_1_127' title='bbox 502 1543 737 1594; x_wconf 86' lang='lat' dir='ltr'>alternae</span> <span class='ocrx_word' id='word_1_128' title='bbox 779 1558 1065 1611; x_wconf 87' lang='lat' dir='ltr'>germanos</span> <span class='ocrx_word' id='word_1_129' title='bbox 1104 1544 1346 1609; x_wconf 89' lang='lat' dir='ltr'>tempore</span> <span class='ocrx_word' id='word_1_130' title='bbox 1385 1541 1532 1593; x_wconf 90' lang='lat' dir='ltr'>uitae</span> 
     </span>
     <span class='ocr_line' id='line_1_27' title="bbox 212 1615 1574 1684; baseline 0 -17"><span class='ocrx_word' id='word_1_131' title='bbox 212 1615 456 1684; x_wconf 91' lang='lat' dir='ltr'>Iuppiter</span> <span class='ocrx_word' id='word_1_132' title='bbox 495 1615 702 1668; x_wconf 88' lang='lat' dir='ltr'>attollit</span> <span class='ocrx_word' id='word_1_133' title='bbox 740 1616 978 1684; x_wconf 91' lang='lat' dir='ltr'>caelique</span> <span class='ocrx_word' id='word_1_134' title='bbox 1017 1616 1074 1667; x_wconf 89' lang='lat' dir='ltr'>in</span> <span class='ocrx_word' id='word_1_135' title='bbox 1113 1615 1254 1667; x_wconf 90' lang='lat' dir='ltr'>celsa</span> <span class='ocrx_word' id='word_1_136' title='bbox 1292 1617 1574 1683; x_wconf 89' lang='lat' dir='ltr'>receptans</span> 
     </span>
     <span class='ocr_line' id='line_1_28' title="bbox 213 1689 1565 1758; baseline 0 -17"><span class='ocrx_word' id='word_1_137' title='bbox 213 1692 461 1742; x_wconf 90' lang='lat' dir='ltr'>aeternae</span> <span class='ocrx_word' id='word_1_138' title='bbox 500 1689 730 1758; x_wconf 87' lang='lat' dir='ltr'>flagrare</span> <span class='ocrx_word' id='word_1_139' title='bbox 768 1689 904 1742; x_wconf 85' lang='lat' dir='ltr'>facis</span> <span class='ocrx_word' id='word_1_140' title='bbox 943 1689 1094 1741; x_wconf 92' lang='lat' dir='ltr'>iubet</span> <span class='ocrx_word' id='word_1_141' title='bbox 1133 1689 1351 1757; x_wconf 88' lang='lat' dir='ltr'>ignibus</span> <span class='ocrx_word' id='word_1_142' title='bbox 1393 1689 1565 1741; x_wconf 76' lang='lat' dir='ltr'>ambo,</span> 
     </span>
    </p>

    <p class='ocr_par' dir='ltr' id='par_1_12' title="bbox 210 1760 1850 2052">
     <span class='ocr_line' id='line_1_29' title="bbox 284 1760 1850 1831; baseline 0.001 -17"><span class='ocrx_word' id='word_1_143' title='bbox 284 1762 426 1815; x_wconf 93' lang='lat' dir='ltr'>Aluo</span> <span class='ocrx_word' id='word_1_144' title='bbox 465 1762 680 1815; x_wconf 91' lang='lat' dir='ltr'>Helices</span> <span class='ocrx_word' id='word_1_145' title='bbox 722 1760 949 1816; x_wconf 88' lang='lat' dir='ltr'>cancer</span> <span class='ocrx_word' id='word_1_146' title='bbox 989 1762 1328 1815; x_wconf 90' lang='lat' dir='ltr'>subuoluitur</span> <span class='ocrx_word' id='word_1_147' title='bbox 1368 1766 1616 1831; x_wconf 91' lang='lat' dir='ltr'>astraque</span> <span class='ocrx_word' id='word_1_148' title='bbox 1657 1779 1850 1815; x_wconf 88' lang='lat' dir='ltr'>cancro</span> 
     </span>
     <span class='ocr_line' id='line_1_30' title="bbox 211 1835 1525 1905; baseline 0 -18"><span class='ocrx_word' id='word_1_149' title='bbox 211 1835 368 1905; x_wconf 78' lang='lat' dir='ltr'>Iuno,</span> <span class='ocrx_word' id='word_1_150' title='bbox 408 1837 720 1889; x_wconf 86' lang='lat' dir='ltr'>nouercales</span> <span class='ocrx_word' id='word_1_151' title='bbox 760 1839 821 1888; x_wconf 89' lang='lat' dir='ltr'>ut</span> <span class='ocrx_word' id='word_1_152' title='bbox 860 1853 1068 1903; x_wconf 89' lang='lat' dir='ltr'>semper</span> <span class='ocrx_word' id='word_1_153' title='bbox 1105 1836 1357 1905; x_wconf 88' lang='lat' dir='ltr'>proderet</span> <span class='ocrx_word' id='word_1_154' title='bbox 1395 1837 1525 1904; x_wconf 86' lang='grc'><strong>1108,</strong></span> 
     </span>
     <span class='ocr_line' id='line_1_31' title="bbox 212 1909 1730 1979; baseline -0.001 -18"><span class='ocrx_word' id='word_1_155' title='bbox 212 1910 500 1978; x_wconf 90' lang='lat' dir='ltr'>praestitit.</span> <span class='ocrx_word' id='word_1_156' title='bbox 576 1910 663 1963; x_wconf 91' lang='lat' dir='ltr'>hic</span> <span class='ocrx_word' id='word_1_157' title='bbox 703 1909 923 1979; x_wconf 81' lang='lat' dir='ltr'>etenim,</span> <span class='ocrx_word' id='word_1_158' title='bbox 964 1909 1190 1961; x_wconf 90' lang='lat' dir='ltr'>Lernaei</span> <span class='ocrx_word' id='word_1_159' title='bbox 1231 1909 1462 1978; x_wconf 88' lang='lat' dir='ltr'>gurgitis</span> <span class='ocrx_word' id='word_1_160' title='bbox 1503 1909 1730 1978; x_wconf 86' lang='lat' dir='ltr'>hydram</span> 
     </span>
     <span class='ocr_line' id='line_1_32' title="bbox 210 1982 1672 2052; baseline -0.001 -17"><span class='ocrx_word' id='word_1_161' title='bbox 210 1986 389 2035; x_wconf 92' lang='lat' dir='ltr'>ureret</span> <span class='ocrx_word' id='word_1_162' title='bbox 426 1982 640 2036; x_wconf 89' lang='lat' dir='ltr'>Alcides</span> <span class='ocrx_word' id='word_1_163' title='bbox 681 2001 800 2035; x_wconf 90' lang='lat' dir='ltr'>cum</span> <span class='ocrx_word' id='word_1_164' title='bbox 840 1983 1162 2052; x_wconf 84' lang='lat' dir='ltr'>flammiger,</span> <span class='ocrx_word' id='word_1_165' title='bbox 1203 2001 1360 2036; x_wconf 89' lang='lat' dir='ltr'>ausus</span> <span class='ocrx_word' id='word_1_166' title='bbox 1400 1983 1456 2035; x_wconf 94' lang='lat' dir='ltr'>in</span> <span class='ocrx_word' id='word_1_167' title='bbox 1495 1983 1672 2051; x_wconf 84' lang='lat' dir='ltr'>ipsum</span> 
     </span>
    </p>
   </div>
   <div class='ocr_carea' id='block_1_9' title="bbox 210 2103 564 2108">
    <p class='ocr_par' dir='ltr' id='par_1_13' title="bbox 210 2103 564 2108">
     <span class='ocr_line' id='line_1_33' title="bbox 210 2103 564 2108; baseline 0 0"><span class='ocrx_word' id='word_1_168' title='bbox 210 2103 564 2108; x_wconf 95' lang='lat' dir='ltr'> </span> 
     </span>
    </p>
   </div>
   <div class='ocr_carea' id='block_1_10' title="bbox 210 2156 1902 2625">
    <p class='ocr_par' dir='ltr' id='par_1_14' title="bbox 210 2156 1902 2625">
     <span class='ocr_line' id='line_1_34' title="bbox 331 2156 1899 2213; baseline 0.002 -13"><span class='ocrx_word' id='word_1_169' title='bbox 331 2161 413 2200; x_wconf 87' lang='lat'>357</span> <span class='ocrx_word' id='word_1_170' title='bbox 446 2156 680 2212; x_wconf 86' lang='lat' dir='ltr'>utrimque</span> <span class='ocrx_word' id='word_1_171' title='bbox 703 2158 868 2213; x_wconf 77' lang='lat' dir='ltr'>scripsi</span> <span class='ocrx_word' id='word_1_172' title='bbox 889 2157 1074 2213; x_wconf 86' lang='lat' dir='ltr'>utrique</span> <span class='ocrx_word' id='word_1_173' title='bbox 1108 2157 1194 2201; x_wconf 91' lang='lat' dir='ltr'>VA</span> <span class='ocrx_word' id='word_1_174' title='bbox 1270 2162 1353 2201; x_wconf 88' lang='grc'>361</span> <span class='ocrx_word' id='word_1_175' title='bbox 1389 2170 1481 2212; x_wconf 90' lang='lat' dir='ltr'>qua</span> <span class='ocrx_word' id='word_1_176' title='bbox 1505 2156 1563 2201; x_wconf 83' lang='lat' dir='ltr'>F.</span> <span class='ocrx_word' id='word_1_177' title='bbox 1592 2157 1639 2202; x_wconf 81' lang='lat' dir='ltr'>G.</span> <span class='ocrx_word' id='word_1_178' title='bbox 1668 2157 1899 2203; x_wconf 76' lang='lat' dir='ltr'>Matthiae</span> 
     </span>
     <span class='ocr_line' id='line_1_35' title="bbox 211 2214 1898 2273; baseline 0.003 -16"><span class='ocrx_word' id='word_1_179' title='bbox 211 2214 453 2271; x_wconf 77' lang='lat' dir='ltr'>Hauptius</span> <span class='ocrx_word' id='word_1_180' title='bbox 477 2216 666 2260; x_wconf 86' lang='lat' dir='ltr'>Hermes</span> <span class='ocrx_word' id='word_1_181' title='bbox 704 2216 815 2260; x_wconf 86' lang='lat' dir='ltr'>VII</span> <span class='ocrx_word' id='word_1_182' title='bbox 836 2230 886 2273; x_wconf 81' lang='lat' dir='ltr'>p.</span> <span class='ocrx_word' id='word_1_183' title='bbox 918 2220 977 2260; x_wconf 88' lang='lat'>13</span> <span class='ocrx_word' id='word_1_184' title='bbox 1010 2229 1097 2272; x_wconf 90' lang='lat' dir='ltr'>que</span> <span class='ocrx_word' id='word_1_185' title='bbox 1133 2215 1176 2260; x_wconf 88' lang='lat' dir='ltr'><strong><em>V</em></strong></span> <span class='ocrx_word' id='word_1_186' title='bbox 1204 2230 1304 2271; x_wconf 84' lang='lat' dir='ltr'>quae</span> <span class='ocrx_word' id='word_1_187' title='bbox 1330 2216 1374 2259; x_wconf 90' lang='lat' dir='ltr'><strong><em>A</em></strong></span> <span class='ocrx_word' id='word_1_188' title='bbox 1398 2217 1414 2272; x_wconf 83' lang='lat' dir='ltr'>ss</span> <span class='ocrx_word' id='word_1_189' title='bbox 1436 2215 1562 2261; x_wconf 89' lang='lat' dir='ltr'>ferae</span> <span class='ocrx_word' id='word_1_190' title='bbox 1586 2217 1631 2260; x_wconf 92' lang='lat' dir='ltr'><strong><em>A</em></strong></span> <span class='ocrx_word' id='word_1_191' title='bbox 1656 2217 1898 2273; x_wconf 79' lang='lat' dir='ltr'>Hauptius</span> 
     </span>
     <span class='ocr_line' id='line_1_36' title="bbox 210 2274 1898 2332; baseline 0.003 -16"><span class='ocrx_word' id='word_1_192' title='bbox 210 2274 375 2318; x_wconf 84' lang='lat' dir='ltr'>ibidem</span> <span class='ocrx_word' id='word_1_193' title='bbox 405 2274 502 2318; x_wconf 84' lang='lat' dir='ltr'>fere</span> <span class='ocrx_word' id='word_1_194' title='bbox 543 2274 587 2317; x_wconf 93' lang='lat' dir='ltr'><strong><em>V</em></strong></span> <span class='ocrx_word' id='word_1_195' title='bbox 702 2280 788 2319; x_wconf 80' lang='lat'>362</span> <span class='ocrx_word' id='word_1_196' title='bbox 821 2276 969 2319; x_wconf 88' lang='lat' dir='ltr'>altera</span> <span class='ocrx_word' id='word_1_197' title='bbox 1001 2289 1092 2332; x_wconf 88' lang='lat' dir='ltr'>qua</span> <span class='ocrx_word' id='word_1_198' title='bbox 1133 2275 1176 2319; x_wconf 89' lang='lat' dir='ltr'><strong><em>V</em></strong></span> <span class='ocrx_word' id='word_1_199' title='bbox 1202 2274 1322 2320; x_wconf 88' lang='lat' dir='ltr'>alter</span> <span class='ocrx_word' id='word_1_200' title='bbox 1353 2288 1475 2331; x_wconf 90' lang='lat' dir='ltr'>aqua</span> <span class='ocrx_word' id='word_1_201' title='bbox 1505 2274 1551 2318; x_wconf 93' lang='lat' dir='ltr'><strong><em>A</em></strong></span> <span class='ocrx_word' id='word_1_202' title='bbox 1651 2280 1736 2319; x_wconf 88' lang='grc'>363</span> <span class='ocrx_word' id='word_1_203' title='bbox 1802 2277 1898 2321; x_wconf 87' lang='grc'><strong>0111-</strong></span> 
     </span>
     <span class='ocr_line' id='line_1_37' title="bbox 211 2290 1902 2393; baseline 0.002 -18"><span class='ocrx_word' id='word_1_204' title='bbox 211 2331 387 2388; x_wconf 89' lang='lat' dir='ltr'>busque</span> <span class='ocrx_word' id='word_1_205' title='bbox 429 2332 473 2375; x_wconf 94' lang='lat' dir='ltr'><strong><em>V</em></strong></span> <span class='ocrx_word' id='word_1_206' title='bbox 506 2331 701 2390; x_wconf 85' lang='lat' dir='ltr'>genibus</span> <span class='ocrx_word' id='word_1_207' title='bbox 733 2348 821 2393; x_wconf 69' lang='lat' dir='ltr'>que</span> <span class='ocrx_word' id='word_1_208' title='bbox 853 2334 899 2377; x_wconf 92' lang='lat' dir='ltr'><strong><em>A</em></strong></span> <span class='ocrx_word' id='word_1_209' title='bbox 1001 2290 1108 2378; x_wconf 76' lang='lat' dir='ltr'><strong>q364</strong></span> <span class='ocrx_word' id='word_1_210' title='bbox 1147 2348 1239 2391; x_wconf 90' lang='lat' dir='ltr'>qua</span> <span class='ocrx_word' id='word_1_211' title='bbox 1277 2333 1446 2378; x_wconf 88' lang='lat' dir='ltr'>rutilae</span> <span class='ocrx_word' id='word_1_212' title='bbox 1477 2334 1523 2376; x_wconf 90' lang='lat' dir='ltr'><strong><em>A</em></strong></span> <span class='ocrx_word' id='word_1_213' title='bbox 1556 2349 1647 2390; x_wconf 90' lang='lat' dir='ltr'>qua</span> <span class='ocrx_word' id='word_1_214' title='bbox 1678 2335 1770 2379; x_wconf 83' lang='lat' dir='ltr'>ruti</span> <span class='ocrx_word' id='word_1_215' title='bbox 1792 2348 1816 2379; x_wconf 91' lang='lat' dir='ltr'>e</span> <span class='ocrx_word' id='word_1_216' title='bbox 1858 2335 1902 2378; x_wconf 95' lang='lat' dir='ltr'><strong><em>V</em></strong></span> 
     </span>
     <span class='ocr_line' id='line_1_38' title="bbox 210 2392 1897 2450; baseline 0.003 -17"><span class='ocrx_word' id='word_1_217' title='bbox 210 2404 256 2434; x_wconf 80' lang='lat' dir='ltr'>u.</span> <span class='ocrx_word' id='word_1_218' title='bbox 292 2394 383 2436; x_wconf 84' lang='lat'>367</span> <span class='ocrx_word' id='word_1_219' title='bbox 413 2392 683 2436; x_wconf 77' lang='lat' dir='ltr'>inscribitur</span> <span class='ocrx_word' id='word_1_220' title='bbox 714 2392 933 2437; x_wconf 85' lang='lat' dir='ltr'>GEMINI</span> <span class='ocrx_word' id='word_1_221' title='bbox 974 2393 1059 2436; x_wconf 91' lang='lat' dir='ltr'>VA</span> <span class='ocrx_word' id='word_1_222' title='bbox 1167 2398 1252 2438; x_wconf 86' lang='lat'>370</span> <span class='ocrx_word' id='word_1_223' title='bbox 1287 2393 1562 2448; x_wconf 87' lang='lat' dir='ltr'>Spartanam</span> <span class='ocrx_word' id='word_1_224' title='bbox 1603 2393 1647 2436; x_wconf 91' lang='lat' dir='ltr'><strong><em>V</em></strong></span> <span class='ocrx_word' id='word_1_225' title='bbox 1675 2393 1897 2450; x_wconf 84' lang='lat' dir='ltr'>Spartha-</span> 
     </span>
     <span class='ocr_line' id='line_1_39' title="bbox 210 2450 1902 2509; baseline 0.003 -18"><span class='ocrx_word' id='word_1_226' title='bbox 210 2462 318 2492; x_wconf 91' lang='lat' dir='ltr'>nam</span> <span class='ocrx_word' id='word_1_227' title='bbox 357 2450 403 2493; x_wconf 91' lang='lat' dir='ltr'><strong><em>A</em></strong></span> <span class='ocrx_word' id='word_1_228' title='bbox 441 2452 456 2506; x_wconf 86' lang='grc' dir='ltr'>ΙΙ</span> <span class='ocrx_word' id='word_1_229' title='bbox 495 2451 705 2495; x_wconf 86' lang='lat' dir='ltr'>subolem</span> <span class='ocrx_word' id='word_1_230' title='bbox 762 2452 805 2495; x_wconf 95' lang='lat' dir='ltr'><strong><em>V</em></strong></span> <span class='ocrx_word' id='word_1_231' title='bbox 842 2452 1049 2495; x_wconf 86' lang='lat' dir='ltr'>sobolem</span> <span class='ocrx_word' id='word_1_232' title='bbox 1094 2451 1140 2495; x_wconf 90' lang='lat' dir='ltr'><strong><em>A</em></strong></span> <span class='ocrx_word' id='word_1_233' title='bbox 1177 2454 1193 2507; x_wconf 85' lang='grc' dir='ltr'>ΙΙ</span> <span class='ocrx_word' id='word_1_234' title='bbox 1230 2451 1501 2508; x_wconf 89' lang='lat' dir='ltr'>prolemque</span> <span class='ocrx_word' id='word_1_235' title='bbox 1548 2451 1640 2495; x_wconf 89' lang='lat' dir='ltr'>AL</span> <span class='ocrx_word' id='word_1_236' title='bbox 1685 2452 1807 2509; x_wconf 71' lang='lat' dir='ltr'>pleq.</span> <span class='ocrx_word' id='word_1_237' title='bbox 1858 2452 1902 2495; x_wconf 96' lang='lat' dir='ltr'><strong><em>V</em></strong></span> 
     </span>
     <span class='ocr_line' id='line_1_40' title="bbox 211 2509 1897 2566; baseline 0.004 -16"><span class='ocrx_word' id='word_1_238' title='bbox 211 2512 295 2550; x_wconf 89' lang='lat'>371</span> <span class='ocrx_word' id='word_1_239' title='bbox 329 2510 515 2565; x_wconf 85' lang='lat' dir='ltr'>proprio</span> <span class='ocrx_word' id='word_1_240' title='bbox 548 2509 683 2553; x_wconf 89' lang='lat' dir='ltr'>VAL</span> <span class='ocrx_word' id='word_1_241' title='bbox 713 2510 867 2566; x_wconf 86' lang='lat' dir='ltr'>patrio</span> <span class='ocrx_word' id='word_1_242' title='bbox 895 2509 1084 2555; x_wconf 78' lang='lat' dir='ltr'>Grotius</span> <span class='ocrx_word' id='word_1_243' title='bbox 1167 2516 1252 2555; x_wconf 84' lang='lat'>372</span> <span class='ocrx_word' id='word_1_244' title='bbox 1285 2509 1663 2555; x_wconf 86' lang='lat' dir='ltr'>Lacedaemoniis</span> <span class='ocrx_word' id='word_1_245' title='bbox 1688 2511 1732 2554; x_wconf 91' lang='lat' dir='ltr'><strong><em>A</em></strong></span> <span class='ocrx_word' id='word_1_246' title='bbox 1757 2511 1897 2556; x_wconf 86' lang='lat' dir='ltr'>Lace-</span> 
     </span>
     <span class='ocr_line' id='line_1_41' title="bbox 212 2565 1893 2625; baseline 0.003 -16"><span class='ocrx_word' id='word_1_247' title='bbox 212 2565 436 2612; x_wconf 84' lang='lat' dir='ltr'>demoniis</span> <span class='ocrx_word' id='word_1_248' title='bbox 480 2567 525 2611; x_wconf 88' lang='lat' dir='ltr'><strong><em>V</em></strong></span> <span class='ocrx_word' id='word_1_249' title='bbox 557 2568 691 2613; x_wconf 89' lang='lat' dir='ltr'>lache</span> <span class='ocrx_word' id='word_1_250' title='bbox 710 2569 949 2614; x_wconf 84' lang='lat' dir='ltr'>demonius</span> <span class='ocrx_word' id='word_1_251' title='bbox 976 2569 1239 2614; x_wconf 78' lang='lat' dir='ltr'>Germanici</span> <span class='ocrx_word' id='word_1_252' title='bbox 1262 2570 1398 2614; x_wconf 74' lang='lat' dir='ltr'>codex</span> <span class='ocrx_word' id='word_1_253' title='bbox 1420 2570 1666 2614; x_wconf 73' lang='lat' dir='ltr'>Berriensis</span> <span class='ocrx_word' id='word_1_254' title='bbox 1690 2584 1734 2615; x_wconf 70' lang='lat' dir='ltr'>rc</span> <span class='ocrx_word' id='word_1_255' title='bbox 1753 2573 1814 2614; x_wconf 88' lang='grc'>88</span> <span class='ocrx_word' id='word_1_256' title='bbox 1837 2571 1893 2625; x_wconf 79' lang='lat' dir='ltr'>cf.</span> 
     </span>
    </p>
   </div>
   <div class='ocr_carea' id='block_1_11' title="bbox 202 2641 1902 2748">
    <p class='ocr_par' dir='ltr' id='par_1_15' title="bbox 202 2641 1902 2748">
     <span class='ocr_line' id='line_1_42' title="bbox 202 2641 1902 2748; baseline 0.002 -64"><span class='ocrx_word' id='word_1_257' title='bbox 202 2642 351 2695; x_wconf 77' lang='lat' dir='ltr'>praef.</span> <span class='ocrx_word' id='word_1_258' title='bbox 364 2656 414 2698; x_wconf 74' lang='lat' dir='ltr'>p.</span> <span class='ocrx_word' id='word_1_259' title='bbox 435 2641 571 2687; x_wconf 87' lang='lat' dir='ltr'>XVI</span> <span class='ocrx_word' id='word_1_260' title='bbox 580 2655 640 2698; x_wconf 76' lang='lat' dir='ltr'>sq.</span> <span class='ocrx_word' id='word_1_261' title='bbox 699 2647 783 2687; x_wconf 87' lang='grc'>376</span> <span class='ocrx_word' id='word_1_262' title='bbox 801 2643 1006 2687; x_wconf 82' lang='lat' dir='ltr'>alternae</span> <span class='ocrx_word' id='word_1_263' title='bbox 1031 2656 1275 2700; x_wconf 81' lang='lat' dir='ltr'>germanos</span> <span class='ocrx_word' id='word_1_264' title='bbox 1293 2643 1338 2687; x_wconf 88' lang='lat' dir='ltr'><strong><em>A</em></strong></span> <span class='ocrx_word' id='word_1_265' title='bbox 1363 2644 1836 2748; x_wconf 49' lang='grc' dir='ltr'><strong>011513ῗοῗὲ0111101108</strong></span> <span class='ocrx_word' id='word_1_266' title='bbox 1858 2643 1902 2687; x_wconf 92' lang='lat' dir='ltr'><strong><em>V</em></strong></span> 
     </span>
    </p>
   </div>
   <div class='ocr_carea' id='block_1_12' title="bbox 210 2743 1895 2850">
    <p class='ocr_par' dir='ltr' id='par_1_16' title="bbox 210 2743 1895 2850">
     <span class='ocr_line' id='line_1_43' title="bbox 212 2743 1895 2792; baseline 0.002 -7"><span class='ocrx_word' id='word_1_267' title='bbox 212 2747 295 2786; x_wconf 88' lang='grc'>377</span> <span class='ocrx_word' id='word_1_268' title='bbox 321 2743 499 2788; x_wconf 87' lang='grc'><strong>01101111</strong></span> <span class='ocrx_word' id='word_1_269' title='bbox 522 2744 620 2788; x_wconf 91' lang='lat' dir='ltr'>AL</span> <span class='ocrx_word' id='word_1_270' title='bbox 642 2746 802 2791; x_wconf 89' lang='lat' dir='ltr'>attolit</span> <span class='ocrx_word' id='word_1_271' title='bbox 832 2746 876 2790; x_wconf 92' lang='lat' dir='ltr'><strong><em>V</em></strong></span> <span class='ocrx_word' id='word_1_272' title='bbox 961 2750 1044 2792; x_wconf 88' lang='lat'>378</span> <span class='ocrx_word' id='word_1_273' title='bbox 1071 2747 1206 2791; x_wconf 90' lang='lat' dir='ltr'>ambo</span> <span class='ocrx_word' id='word_1_274' title='bbox 1242 2745 1286 2790; x_wconf 92' lang='lat' dir='ltr'><strong><em>V</em></strong></span> <span class='ocrx_word' id='word_1_275' title='bbox 1305 2746 1441 2790; x_wconf 89' lang='lat' dir='ltr'>ambo</span> <span class='ocrx_word' id='word_1_276' title='bbox 1600 2747 1645 2791; x_wconf 92' lang='lat' dir='ltr'><strong><em>A</em></strong></span> <span class='ocrx_word' id='word_1_277' title='bbox 1669 2747 1828 2791; x_wconf 85' lang='lat' dir='ltr'>ambos</span> <span class='ocrx_word' id='word_1_278' title='bbox 1852 2745 1895 2789; x_wconf 92' lang='lat' dir='ltr'>L</span> 
     </span>
     <span class='ocr_line' id='line_1_44' title="bbox 210 2804 1080 2850; baseline 0.008 -7"><span class='ocrx_word' id='word_1_279' title='bbox 210 2815 254 2843; x_wconf 85' lang='lat' dir='ltr'>u.</span> <span class='ocrx_word' id='word_1_280' title='bbox 290 2804 378 2847; x_wconf 85' lang='lat'>379</span> <span class='ocrx_word' id='word_1_281' title='bbox 411 2804 680 2849; x_wconf 77' lang='lat' dir='ltr'>inscribitur</span> <span class='ocrx_word' id='word_1_282' title='bbox 712 2805 955 2850; x_wconf 86' lang='lat' dir='ltr'><strong><em>CANCER</em></strong></span> <span class='ocrx_word' id='word_1_283' title='bbox 995 2806 1080 2850; x_wconf 89' lang='lat' dir='ltr'>VA</span> 
     </span>
    </p>
   </div>
  </div>
 </body>
</html>
