1940 3072
267 155 334 207 14
879 155 1343 199 OONTROUERSIA

107 266 248 303 Exces-
895 227 901 233 ι

137 318 217 345 sus.
371 280 525 343 Quod
551 281 720 334 scelus
746 282 850 349 est,
875 280 1125 333 iuuenis?
1152 280 1324 332 socios
1349 280 1408 332 in
1431 279 1573 332 bella
1594 282 1763 334 tueris
1836 331 1838 333 ,

367 351 441 404 Et
465 356 605 404 ciues
629 351 689 403 in
713 368 841 418 pace
867 368 1051 403 necas:
1079 349 1208 419 quid
1230 350 1344 403 fata
1367 350 1587 403 minaris

265 431 346 471 120
370 422 543 490 Impia
567 421 921 490 supplicibuS‚
949 420 1077 489 quid
1100 420 1372 473 funestare
1395 419 1697 489 triumphos

347 491 660 555 ¹Contendis
684 494 808 560 post
831 491 973 543 bella
995 493 1118 543 tuos
1144 493 1198 542 et
1221 491 1452 543 luctibus
1477 490 1667 559 imples
1678 491 1716 543 ἱ)

366 561 480 615 Nec
504 561 679 630 pudor
704 565 784 614 est
808 561 1040 613 uariasse
1065 560 1223 613 uiro?
1273 561 1335 613 de
1361 561 1477 613 ciue
1500 561 1821 630 trophaeum

365 632 539 684 Nemo
565 632 927 701 triumphator
950 632 1253 700 rapuit'nec
1278 632 1336 683 in
1361 631 1548 683 arbore
1575 631 1760 684 cristas

365 702 553 754 Erexit
577 703 882 771 quicunque
907 702 1050 753 cruci
1076 701 1366 769 suspendit.
1416 701 1594 770 imago
1619 763 1622 765 Α

261 782 340 821 125
367 771 563 824 Uestra
587 775 748 841 caput
774 773 931 840 011113,
957 790 1141 824 manes
1166 775 1432 824 mereatur
1457 774 1509 823 et
1533 773 1747 825 umbras
1762 772 1791 825 ‘ff

365 841 596 895 Uirtutis
620 845 829 895 uestrae
855 841 1184 894 circumdent
1207 842 1399 894 funera
1422 844 1612 894 testem

362 912 436 965 Et
459 912 615 965 fortis
641 913 922 965 simulacra
946 912 1051 964 uiri
1077 912 1232 964 ciuile
1259 912 1485 964 cadauer

362 982 578 1035 Polluat
603 1001 663 1035 ac
688 986 871 1051 putres
899 982 1174 1035 effundant
1199 1000 1319 1035 ossa
1342 982 1639 1034 medullas?

363 1051 598 1105 Uictoris
624 1054 783 1122 genio
811 1053 957 1105 sanie
986 1071 1105 1104 cum
1129 1054 1253 1105 tabe
1278 1053 1499 1105 litetur?

259 1132 340 1172 130
365 1121 569 1183 Quaere
595 1123 946 1176 sacerdotem:
983 1123 1166 1175 ueniet
1190 1122 1414 1175 crudelis
1440 1122 1717 1176 Erichtho,

360 1192 508 1245 Haec
534 1197 614 1245 est
638 1196 763 1261 apta
786 1195 893 1245 tuis
919 1193 1161 1245 antistita
1188 1193 1399 1245 saeuior
1423 1193 1543 1260 3113,

363 1261 508 1324 Quae
534 1263 730 1316 calidas
755 1264 931 1331 rapiat
953 1263 1112 1315 fibras
1137 1264 1408 1331 pulmonis
1433 1262 1643 1331 anheli,

362 1332 587 1386 Sorbeat
612 1337 854 1402 ereptum
878 1334 966 1386 uel
991 1334 1255 1386 morsibus
1281 1334 1375 1385 illa
1399 1334 1632 1385 cruentis

361 1401 463 1455 Uel
488 1404 707 1456 uiuente
733 1404 878 1456 iecur
902 1404 988 1455 uel
1014 1421 1105 1456 cor
1130 1422 1251 1455 cum
1274 1403 1502 1471 palpitat
1525 1404 1690 1455 intret

256 1483 335 1521 135
361 1472 627 1526 Dentibus
661 1474 937 1526 obscaenis
962 1474 1148 1543 lingua
1172 1474 1439 1525 lambente
1464 1474 1705 1541 palatum

358 1543 621 1596 Prostrati
647 1545 795 1596 ciuis.
844 1544 977 1596 haec
1003 1544 1111 1595 sint
1134 1547 1229 1595 tua
1252 1561 1497 1611 munera,
1524 1543 1733 1596 uictor?

357 1613 550 1666 Hostia
573 1614 696 1666 talis
724 1618 833 1682 eat,
858 1614 983 1666 talis
1008 1614 1109 1666 tibi
1134 1614 1351 1666 uictima
1375 1614 1599 1682 parcat?

360 1682 441 1735 Sit
464 1687 557 1736 tua
581 1684 832 1737 terribilis
858 1683 1100 1736 Phalaris
1128 1702 1223 1736 ceu
1248 1687 1432 1736 taurus
1457 1684 1674 1753 imago?

95 1766 146 1806 [p.
171 1768 226 1807 15]
358 1753 584 1806 Taurica
610 1754 837 1808 crudelis
862 1755 1008 1806 mitis
1032 1757 1214 1806 tamen
1239 1773 1330 1806 ara
1354 1753 1559 1806 Dianae

253 1833 333 1872 140
357 1823 472 1876 Nec
497 1823 703 1877 Busiris
730 1828 884 1877 atrox
909 1825 1209 1895 Aegyptius
1235 1824 1326 1876 1116
1353 1828 1628 1876 cruentus:

355 1892 512 1946 Solus
539 1895 681 1946 enim
706 1913 801 1963 per
823 1896 1025 1963 templa
1044 1895 1201 1946 deum
1226 1895 1340 1946 sine
1361 1898 1531 1947 morte
1557 1895 1846 1964 propinqui

356 1963 515 2016 Sacra
538 1965 852 2034 peregrinus
876 1965 1113 2017 funestat
1138 1968 1191 2017 et
1216 1965 1422 2017 aduena
1447 1968 1672 2033 tantum,

351 2033 592 2087 Inlaesus
617 2054 743 2088 nam
770 2036 902 2088 ciuis
928 2038 1056 2087 erat.
1108 2038 1167 2087 tu
1180 2077 1194 2103 7
1221 2035 1395 2087 uictor
1404 2077 1419 2103 ⁷
1446 2035 1631 2103 inique

355 2102 638 2157 Sardorum
669 2106 761 2174 qui
786 2123 935 2158 sacra
957 2106 1151 2173 probas
1178 2109 1231 2156 et
1255 2105 1468 2157 moenia
1492 2104 1674 2157 foedas

249 2183 328 2222 145
355 2173 530 2226 Lauro
559 2176 733 2227 cincta
757 2179 851 2228 tua
875 2176 1067 2227 uestris
1094 2178 1282 2227 ornata
1308 2175 1534 2227 coronis.

353 2243 535 2295 Insula
561 2245 792 2297 delubris
817 2248 1066 2298 natorum
1092 2245 1229 2297 colla
1254 2246 1478 2312 secabat,

352 2313 583 2366 Uerticis
608 2315 749 2367 unde
775 2333 981 2367 comam
1006 2334 1134 2367 uera
1157 2315 1357 2383 pietate
1382 2317 1630 2383 parentes

351 2383 562 2436 Inlaesa
587 2386 790 2437 ceruice
816 2389 1039 2437 metunt.
1088 2384 1354 2454 Carthago
1383 2385 1608 2437 duorum

359 2556 439 2594 124
472 2555 585 2595 ciuis
616 2568 728 2596 corr.
746 2554 903 2595 Buech.
926 2557 1112 2608 seqnitur
1142 2568 1299 2595 manes
1322 2559 1548 2595 mereatur
1581 2558 1627 2594 et
1657 2556 1836 2597 umbras

242 2611 320 2649 sed
348 2617 600 2662 expunctum
718 2613 796 2651 125
833 2613 874 2651 in
912 2613 1030 2651 initio
1062 2624 1209 2651 uersus
1246 2611 1431 2651 uirtutis
1468 2612 1619 2662 legitur
1654 2614 1732 2652 secl
1761 2625 1839 2653 εω-

241 2672 434 2715 punctum
474 2667 479 2714 Ι
521 2671 679 2707 uestra
715 2681 871 2707 rasura
906 2680 1020 2707 corr.
1061 2680 1083 2706 e
1120 2670 1273 2706 uestre
1418 2668 1496 2707 127
1541 2668 1685 2718 portis
1723 2681 1839 2708 corr.

243 2720 399 2761 Bueclc.
499 2725 579 2763 130
611 2724 772 2769 ericto]
804 2727 1072 2774 corruptelae
1101 2724 1221 2774 siyno
1251 2728 1448 2762 notatum.
1480 2725 1625 2762 eadem
1644 2729 1689 2762 ut
1717 2725 1834 2764 uide-

243 2783 311 2816 tur·
347 2790 468 2818 manu
505 2780 548 2818 z'7z
584 2783 770 2831 maryz‘ne
809 2780 1067 2830 adscriptum
1104 2785 1168 2818 est
1214 2777 1378 2818 allecto
1525 2779 1602 2818 131
1641 2779 1836 2820 antistia

243 2835 321 2873 137
352 2839 511 2885 parcat
532 2841 774 2886 corruptum
800 2835 990 2885 fortasse
1019 2846 1150 2874 sacra.
1249 2835 1328 2874 138
1357 2832 1537 2873 Falaris
1563 2831 1567 2886 Ι
1595 2841 1837 2875 centaurus

241 2902 354 2932 corr.
380 2888 538 2929 Bacch.
647 2892 724 2929 142
758 2890 960 2931 funestet
991 2889 1171 2930 aduena
1281 2892 1359 2931 143
1391 2902 1493 2930 eras
1524 2903 1638 2930 corr.
1673 2889 1834 2935 Bueelz.
