1940 3072
245 79 316 132 20
709 81 977 127 PHAEDRI
1010 81 1381 127 FABVLARVM

247 207 481 256 Adfectus
507 206 735 270 proprios
759 206 813 253 in
838 203 1041 253 fabellas
1066 205 1317 254 transtulit

249 276 649 339 Calumniamque
674 274 806 337 finctis
830 273 979 322 elusit
1002 274 1142 323 iocis,

247 346 350 408 Ego
374 359 524 409 porro
550 344 683 392 illius
709 345 884 391 semita
908 343 1007 392 feci
1031 344 1174 402 viam,

247 415 310 464 Et
335 415 543 477 cogitavi
569 413 708 477 plura
735 427 881 476 quam
905 412 1187 477 reliquerat,

246 484 303 533 In
329 484 655 532 calamitatem
680 482 900 545 deligens
925 482 1166 546 quaedam
1191 497 1365 532 meam.

247 553 386 610 Quod
411 554 453 601 si
479 558 736 602 accusator
761 551 888 600 alius
914 551 1091 600 Seiano
1117 552 1262 608 soret,

248 622 300 671 Si
327 624 469 671 testis
494 622 643 678 aliuS,
670 621 819 670 iudex
845 621 971 669 alius
995 621 1224 685 denique,

246 692 458 755 Dignum
484 692 670 740 faterer
695 705 804 740 esse
829 705 908 739 me
934 693 1086 739 tantis
1110 690 1267 752 maliS,

247 761 349 810 Nec
374 761 451 809 his
477 760 696 809 dolorem
711 760 983 809 delenirem
1008 759 1258 809 remediiS.

247 831 525 894 Suspitione
553 831 709 894 siquis
733 830 924 879 errabit
948 845 1035 878 sua

246 901 308 949 Et
334 902 495 964 rapiet
519 900 581 948 ad
606 914 682 956 se,
711 899 840 964 quod
866 901 965 948 erit
989 914 1247 949 commune
1274 903 1507 957 omnium,

247 969 404 1018 Stulte
429 968 637 1018 nudabit
662 971 813 1018 animi
839 970 1202 1018 conscientiam.

246 1039 374 1088 Huic
399 1046 682 1087 excusatum
708 1053 786 1087 me
813 1038 958 1087 velim
983 1038 1138 1087 nihilo
1162 1041 1350 1088 minus:

246 1108 417 1172 Neque
445 1110 577 1156 enim
603 1114 776 1156 notare
803 1107 1024 1171 singulos
1048 1122 1188 1156 mens
1213 1115 1289 1156 est
1313 1109 1453 1166 mihi,

247 1179 427 1227 Verum
452 1179 609 1242 ipsam
633 1179 785 1226 vitam
810 1183 860 1226 et
883 1191 1048 1226 mores
1072 1177 1328 1227 hominum
1353 1180 1635 1230 ostendere.

316 1247 438 1296 Rem
463 1262 540 1295 me
567 1247 846 1311 professum
873 1247 1004 1296 dicet
1028 1248 1132 1296 fors
1157 1247 1335 1312 aliquis
1359 1262 1576 1311 gravem.

247 1317 301 1366 Si
325 1317 490 1380 Phryx
515 1318 733 1381 Aesopus
757 1317 941 1381 potuit,
972 1318 1014 1365 si
1039 1316 1334 1366 Anacharsis
1361 1317 1539 1382 Scytha

247 1389 508 1436 Aeternam
534 1386 711 1435 famam
737 1386 949 1435 condere
976 1387 1177 1449 ingenio
1203 1401 1317 1435 suo:

246 1456 373 1519 Ego,
400 1455 646 1504 litteratae
673 1458 758 1520 qui
786 1471 893 1505 sum
918 1458 1121 1521 propior
1146 1455 1397 1514 Graeciae,

248 1526 347 1575 Cur
372 1540 542 1573 somno
569 1527 723 1575 inerti
750 1526 974 1574 deseram
997 1527 1187 1590 patriae
1215 1525 1393 1575 decus?

247 1595 480 1643 Threissa
507 1610 618 1644 cum
641 1610 762 1658 gens
786 1602 1015 1644 numeret
1040 1602 1264 1644 auctores
1291 1611 1420 1653 suoS,

246 1665 469 1729 Linoque
496 1664 664 1727 Apollo
691 1667 756 1714 sit
779 1680 983 1729 parenS,
1011 1665 1147 1714 Musa
1174 1664 1386 1729 Orpheo,

248 1732 342 1790 Qui
368 1748 482 1783 saxa
509 1741 655 1783 cantu
679 1736 831 1783 movit
856 1741 905 1783 et
930 1735 1118 1784 domuit
1143 1735 1275 1783 feras

249 1802 500 1867 Hebrique
526 1805 686 1852 tenuit
709 1806 907 1868 inpetus
935 1804 1069 1853 dulci
1094 1820 1247 1854 mora.

247 1873 377 1935 Ergo
403 1872 519 1921 hinc
550 1872 717 1921 abesto
742 1874 893 1930 livor,
921 1889 983 1923 ne
1009 1876 1193 1924 frustra
1219 1889 1400 1938 gemas,

248 1941 488 1998 Quoniam
515 1942 767 1991 sollemnis
791 1944 915 1992 mihi
940 1943 1148 1993 debetur
1173 1944 1343 2006 gloria.

317 2012 493 2060 Induxi
520 2018 568 2060 te
596 2012 655 2059 ad
680 2012 969 2074 legendum;
996 2016 1243 2062 sincerum
1269 2013 1389 2062 mihi

249 2080 471 2129 Candore
497 2089 612 2129 noto
637 2082 813 2130 reddas
838 2083 1076 2131 iudicium
1101 2089 1232 2146 peto.

847 2210 1167 2258 FABVLA
1203 2211 1244 2258 Ι.

666 2288 853 2329 ANVS
884 2291 980 2330 AD
1010 2291 1434 2333 AMPHORAM.

319 2362 451 2408 Anus
478 2362 640 2408 iacere
666 2359 790 2407 vidit
815 2367 1008 2423 epotam
1035 2362 1335 2424 amphoram,

250 2429 420 2477 Adhuc
446 2429 654 2478 Falerna
679 2429 817 2477 faece
844 2443 870 2476 e
897 2437 1020 2478 testa
1047 2430 1200 2479 nobili

252 2497 462 2546 Odorem
488 2514 611 2562 quae
638 2498 902 2547 iocundum
929 2499 1024 2547 late
1052 2508 1320 2563 spargeret.

251 2566 391 2614 Hunc
418 2577 674 2632 postquam
701 2570 818 2616 totis
844 2567 983 2616 avida
1008 2572 1157 2618 traxit
1183 2570 1414 2619 naribus:

252 2634 291 2682 Ο
318 2638 479 2684 suavis
507 2638 691 2685 anima!
731 2636 871 2701 quale
899 2639 949 2685 in
975 2643 1023 2685 te
1050 2639 1209 2686 dicam
1236 2638 1418 2687 bonum

250 2705 467 2753 Antehac
494 2707 669 2766 fuisse,
698 2707 822 2755 tales
848 2722 957 2755 cum
984 2708 1083 2755 sint
1109 2707 1378 2771 reliquiae?

320 2773 421 2822 Hoc
447 2790 542 2838 quo
566 2778 837 2840 pertineat,
868 2776 1019 2833 dicet,
1048 2778 1131 2840 qui
1158 2792 1235 2825 me
1261 2780 1473 2827 noverit.

1790 1185 1845 1226 50

1788 1534 1845 1575 55

1788 1880 1844 1922 60
