1940 3072
717 132 1111 170 —XIX—

214 235 365 290 Haec
410 236 601 305 habui,
647 253 783 305 quae
830 234 1054 288 dicenda
1099 238 1347 304 putarem
1394 235 1457 288 de
1497 236 1628 289 locis
1671 239 1766 289 aut

61 311 276 365 tuendis
324 313 419 364 aut
463 310 749 363 mutandis.
833 309 1028 385 quibus
1075 327 1241 362 unum
1287 310 1390 363 hoe
1437 309 1598 378 addo,
1653 310 1763 362 iam

66 389 122 438 ei:
159 404 208 439 ιι.
250 385 354 438 767
397 385 682 438 demittit
720 401 839 437 esse
877 364 1020 453 apud
1050 382 1407 437 Matsshiaeum
1448 386 1504 436 et
1536 403 1587 438 ιι.
1622 383 1764 437 1696

62 457 208 530 quod
253 459 371 527 ipse
418 460 728 512 inueneram
777 455 868 528 (cf.
906 475 1088 528 progr.
1126 457 1240 510 Erf.
1278 477 1330 527 p.
1367 456 1498 529 XII)
1539 475 1763 527 occupa-

65 538 185 586 tum
225 550 342 585 esse
380 551 412 585 a
449 531 679 586 Nicolao
718 531 958 585 Heinsio

78 649 104 658 ,
215 606 410 660 Resizat
455 611 516 660 ut
563 608 662 675 eis,
710 607 803 676 qui
846 605 981 659 haec
1031 605 1208 658 studia
1250 605 1307 657 in
1347 606 1558 658 Auieno
1600 605 1762 658 eollo-

63 684 193 734 ca'na
232 680 569 750 adiuuerunt,
609 649 817 752 giatias
857 697 1015 750 agam
1056 679 1280 732 debitas,
1347 680 1405 732 in
1435 680 1520 732 his
1551 682 1766 748 praeter

68 754 431 808 Gustauum
475 755 699 809 Loewe
748 757 803 807 et
840 753 1219 806 Guilelmum
1260 752 1357 806 Du
1395 752 1555 806 Rieu
1594 753 1766 806 nomi—

66 829 233 882 nandi
288 833 415 883 sunt
462 828 842 883 humanissimi
886 828 969 880 illi
1012 827 1461 881 bibliothecarum
1508 827 1766 896 praefecti

68 902 220 958 Otto
270 903 340 956 de
386 903 789 957 Heinemann
836 901 1412 971 Guelferbytanus,
1452 900 1765 954 Ludolfus

67 977 268 1031 Krehl
300 976 687 1048 LipsiensiS,
718 976 1073 1030 Riecardus
1098 975 1367 1045 Lepsius
1392 975 1767 1029 Berolinen-

70 1052 182 1121 εἰς,
227 1052 594 1106 Ioaehimus
638 1050 1015 1121 Marquardb
1054 1049 1412 1119 GothanuS,
1460 1049 1766 1102 Herman-

68 1144 184 1178 nus
231 1125 693 1180 Weissenborn
745 1125 1175 1194 Erfurtensis,
1229 1125 1559 1195 Augushus
1608 1123 1768 1175 Wil-

70 1219 294 1253 manns
335 1200 806 1272 Gottingensis

203 1332 310 1387 Ser.
349 1333 563 1387 Erfurti
600 1335 707 1387 kal.
748 1332 1048 1403 Septembr.
1089 1351 1134 1385 a.
1172 1328 1693 1386 MDCCCLXXXII.
