1940 3072
302 119 374 172 54
878 118 1336 167 DELIBERATIUA

305 317 382 370 At
395 316 626 384 inquies:
645 313 876 368 dolorem
890 328 1058 368 meum
1071 313 1280 376 leniam,
1297 326 1657 382 percussorem
1664 312 1904 368 Patrocli
1927 327 1937 361 1

475 388 694 443 canibus
718 389 773 442 et
794 387 1103 443 uolneribus
1125 390 1174 442 si
1197 385 1386 442 dedero
1409 385 1731 442 laniandum.
1791 449 1797 452 ,
1916 396 1920 399 ’

167 493 285 574 ρεῖίῗῗ
412 516 740 570 Hectoreum
765 516 810 568 si
834 516 973 568 forte
999 532 1156 567 canes
1180 515 1382 567 laniare
1407 514 1633 567 cadauer

408 587 528 655 Ipse
554 604 709 654 paras
736 585 1042 654 crimenque
1067 587 1224 654 putas
1233 626 1248 653 7
1274 585 1378 637 hoc
1403 583 1591 637 Medus
1615 584 1905 639 honestum

329 666 384 706 80
409 655 591 710 Credit
617 659 670 708 et
694 656 760 708 ad
785 655 973 708 Persas
998 655 1175 708 honor
1199 658 1279 707 est
1303 655 1348 707 si
1373 655 1612 707 membra
1635 655 1880 709 uolucres

407 725 673 794 Eripiant,
713 729 767 777 et
789 726 939 778 nulla
964 727 1117 778 detur
1139 725 1267 777 licet
1292 724 1498 777 ossibus
1523 742 1674 793 urna,

407 795 594 848 Multis
621 796 859 847 membra
882 799 1065 848 tamen
1090 794 1387 848 condentur
1411 797 1564 863 rapta
1588 795 1866 863 sepulcris

409 864 616 934 Corpus
640 865 854 917 flamma
880 883 1117 918 cremans
1140 866 1384 932 absumit,
1405 865 1642 917 membra
1659 869 1905 919 morantes

406 935 525 988 Hoc
546 936 692 988 canis
711 935 815 987 hoc
834 935 1078 988 uolucres
1096 935 1319 1003 faciunt,
1331 936 1423 987 uix
1436 953 1555 987 ossa
1574 934 1903 1004 relinquunt,

326 1015 380 1055 85
405 1005 480 1058 Et
503 1023 665 1075 rogus
692 1022 810 1057 ossa
833 1006 990 1073 rapit.
1029 1006 1215 1058 forsan
1239 1005 1538 1057 seruabitur
1561 1004 1764 1057 Hector

407 1074 485 1127 Ut
508 1075 807 1127 madefacta
834 1076 1029 1128 cadant
1053 1075 1376 1129 siccantibus
1404 1092 1521 1127 ossa
1546 1074 1793 1127 medullis

404 1144 479 1197 Et
503 1145 667 1214 longa
691 1144 788 1196 sub
812 1145 936 1198 tabe
960 1145 1143 1198 fluant.
1181 1145 1285 1197 hoc
1310 1147 1503 1197 cuncta
1527 1144 1769 1213 sepulcra
1903 1212 1906 1214 v

405 1214 687 1270 Exercent.
734 1218 917 1268 tamen
941 1215 1185 1268 intererit
1210 1214 1353 1283 quod
1377 1215 1557 1267 clausa
1580 1215 1815 1268 tenebris

157 1292 209 1332 [1>·
233 1292 288 1331 69]
407 1284 726 1337 Putrescant
749 1286 993 1353 tumulis7
1020 1289 1076 1338 at
1099 1286 1187 1337 hic
1212 1286 1310 1337 sub
1337 1285 1455 1338 luce
1480 1285 1787 1338 madescant

326 1366 379 1404 90
404 1355 773 1424 Aspectusque
797 1358 919 1407 tuos
943 1355 1220 1408 funestent
1245 1373 1364 1407 ossa
1389 1355 1594 1407 diurnis

408 1423 640 1479 Uisibus
665 1424 1039 1477 Andromache
1057 1425 1323 1477 tumulum
1341 1425 1444 1478 sibi
1468 1426 1665 1477 formet
1684 1425 1903 1478 inanem

406 1493 480 1546 Et
505 1512 718 1547 causam
744 1495 974 1547 lacrimis
998 1495 1161 1548 faciet
1186 1513 1346 1563 quam
1372 1494 1600 1563 denegat
1623 1494 1811 1547 hostiS.

407 1563 482 1616 'I'e
506 1567 704 1633 tamen,
729 1565 922 1617 Iliacae
947 1566 1234 1634 populator
1259 1565 1450 1634 gentiS,
1478 1564 1744 1616 Achillem

408 1632 665 1704 Sacrilegi
691 1635 796 1687 iam
820 1653 996 1704 poena
1021 1638 1217 1703 manet,
1244 1635 1335 1703 qui
1360 1635 1487 1686 uiua
1509 1634 1799 1702 peremptis

326 1715 378 1752 95
404 1703 664 1757 Funestas
691 1705 953 1757 elementa
977 1705 1125 1757 uiris,
1162 1705 1517 1772 corrumpitur
1543 1722 1633 1756 aer

407 1773 688 1842 Mortibus,
714 1775 855 1827 unde
881 1777 1027 1827 caret
1050 1775 1207 1827 tellus
1232 1774 1486 1826 uitalibus
1513 1775 1675 1838 auriS‚

406 1843 534 1896 Non
558 1863 723 1913 purus
751 1846 847 1897 sub
874 1846 984 1897 sole
1012 1845 1138 1912 dies,
1165 1862 1278 1897 non
1303 1844 1475 1896 sidera
1498 1844 1671 1895 noctis

406 1914 694 1982 Impolluta
721 1915 943 1982 micant,
970 1915 1247 1966 fuscantur
1273 1932 1472 1966 cornua
1497 1914 1670 1981 lunae,

406 1983 659 2037 Sordibus
686 1988 739 2036 et
761 1988 936 2037 totum
963 1985 1096 2037 caeli
1123 2002 1244 2036 mox
1269 1984 1439 2035 inficit
1466 1984 1662 2035 orbem.

304 2064 383 2102 100
407 2053 534 2106 Non
561 2053 808 2106 Phoebus
832 2054 1036 2106 Danais
1061 2055 1300 2121 morbos,
1327 2072 1439 2106 non
1464 2052 1623 2104 Troia
1648 2052 1886 2123 Pelasgis

406 2123 579 2175 Infert
606 2127 698 2176 aut
722 2128 906 2176 natam
931 2127 1176 2192 repetens
1201 2142 1296 2192 per
1321 2126 1493 2176 castra
1518 2123 1760 2175 sacerdos

409 2192 636 2261 Chryses
663 2195 1003 2262 Apollineus:
1030 2194 1156 2245 hinc
1182 2197 1307 2245 sunt
1331 2193 1457 2245 hinc
1483 2193 1674 2244 funera
1699 2196 1902 2247 maesta

407 2262 659 2315 Fortibus
686 2267 739 2315 et
763 2264 962 2315 bellum
988 2264 1191 2333 geritur
1216 2281 1336 2316 cum
1361 2266 1531 2315 morte
1559 2267 1795 2316 cruenta.

405 2331 608 2385 Hector
631 2334 688 2385 in
713 2334 866 2386 hoste
891 2333 995 2386 fuit
1021 2352 1208 2386 saeuus
1234 2351 1354 2386 cum
1379 2335 1492 2384 uita
1516 2336 1770 2400 maneret,

441 2455 494 2494 81
534 2454 648 2494 nulli
686 2469 800 2495 corr.
834 2455 993 2495 Bueclz.
1123 2456 1176 2495 82
1216 2454 1470 2507 sepulchris
1599 2456 1653 2496 83
1689 2457 1903 2507 suppleuit

301 2508 461 2549 Bueclz.
580 2512 634 2550 86
664 2510 781 2551 male
814 2511 944 2551 facta
975 2523 1084 2552 corr.
1116 2510 1276 2551 Rueck.
1305 2509 1311 2562 Ι
1346 2509 1626 2551 siccantibus
1657 2524 1901 2564 quamquam

299 2566 486 2616 permire
527 2567 681 2606 dictum
720 2572 783 2606 est
821 2572 956 2607 tamen
996 2569 1136 2607 nescio
1177 2580 1269 2607 num
1298 2566 1561 2606 scribendum
1589 2568 1647 2606 sit
1678 2563 1896 2619 siccatis!

302 2619 499 2662 medulis
548 2634 605 2661 ex
653 2622 863 2662 medullis
913 2635 1066 2662 rasura
1216 2623 1270 2662 87
1322 2621 1566 2673 sepulchra
1702 2622 1757 2662 89
1806 2634 1901 2662 ma-

304 2674 493 2716 descunt
522 2690 636 2718 corr.
669 2677 829 2720 Bueeh.
974 2680 1028 2718 94-
1055 2684 1154 2730 post
1185 2690 1331 2730 poena
1361 2690 1518 2718 rasura
1659 2678 1713 2718 96
1745 2675 1899 2730 tellus]

302 2729 454 2772 laesus
570 2734 623 2773 98
655 2732 902 2786 Impullata
932 2747 1044 2773 corr.
1079 2734 1235 2773 Bueeh.
1264 2732 1271 2785 Ι
1296 2733 1533 2773 sulcantur
1562 2746 1674 2776 corr.
1696 2733 1855 2774 Bacch.
1890 2731 1896 2785 1

302 2785 406 2881 gloc
494 2789 548 2829 99
575 2789 681 2839 fort.
711 2802 829 2830 mors
919 2791 996 2830 101
1032 2791 1207 2831 Inseret
1237 2799 1348 2831 corr.
1370 2789 1529 2831 Rueck.
1556 2786 1564 2839 Ι
1591 2792 1730 2829 nauta
1818 2790 1897 2830 102

346 2854 470 2895 ryses
