1940 3072
710 145 1032 194 APPENDIX.

594 313 911 364 FABVLA
947 314 1155 364 XXVII.

453 402 834 446 MERE'I'BIX
859 404 951 446 ΕΤ
980 403 1294 446 IVVENIS.

210 483 363 529 Multa
391 497 491 530 esse
520 483 727 529 iucunda
754 497 877 540 quae
905 486 1066 530 tamen
1094 486 1203 530 sunt
1229 485 1538 530 incommoda.

140 573 264 624 Cum
288 572 602 624 blandiretur
627 574 794 623 iuveni
818 575 1058 623 meretrix
1082 574 1286 640 perfida,

68 642 132 693 Et
153 643 235 693 ille
259 642 421 694 laesus
444 643 619 694 multis
643 659 791 709 saepe
817 645 1018 693 iniuriis

68 713 257 764 Tamen
280 712 551 779 praeberet
575 728 684 764 sese
708 714 906 764 facilem
931 714 1148 772 mulieri,

69 783 153 834 Sic
176 784 483 835 insidiatrix:
534 783 719 835 Omnes
742 783 1034 834 muneribus
1056 784 1177 835 licet

69 854 402 913 Contendant,
430 868 521 918 ego
545 859 594 904 te
619 854 826 919 plurimi
849 855 974 904 facio
999 859 1183 904 tamen.

67 924 266 975 Iuvenis
290 924 559 974 recordans
585 926 814 990 quotiens
841 924 1078 990 deceptus
1100 925 1255 975 foret:

66 994 344 1053 Lubenter,
371 996 561 1060 inquit,
586 1010 697 1044 mea
722 994 825 1051 lux,
852 994 980 1044 hanc
1004 1009 1175 1044 vocem
1201 994 1362 1054 audio,

67 1064 178 1116 Non
202 1064 333 1132 quod
356 1065 542 1123 fidelis,
569 1064 657 1114 sed
683 1064 815 1130 quod
838 1064 1052 1114 iucunda
1079 1070 1154 1115 est
1177 1065 1318 1114 mihi.

572 1227 613 1275 F
625 1226 722 1275 AB
734 1226 833 1275 VL
845 1227 893 1274 A
927 1227 1160 1276 XXVHI.

754 1316 985 1358 FIBER.

139 1403 296 1453 Canes
321 1402 540 1466 effugere
565 1416 677 1451 cum
703 1402 803 1451 iam
826 1416 926 1451 non
950 1402 1108 1466 possit
1131 1400 1273 1459 fiber,

71 1471 266 1538 (Graeci
292 1473 523 1538 loquaces
548 1486 697 1537 quem
721 1471 956 1521 dixerunt
980 1477 1221 1522 castorem

67 1543 130 1594 Et
155 1543 445 1595 indiderunt
469 1541 659 1591 bestiae
684 1557 865 1591 nomen
890 1542 987 1599 dei,

67 1613 170 1672 Illi,
198 1615 285 1680 qui
309 1615 497 1663 iactant
520 1627 574 1662 se
598 1611 868 1661 verborum
892 1613 1032 1678 copia
1045 1612 1077 1678 ι)

66 1683 313 1750 Abripere
338 1698 507 1733 morsu
530 1683 690 1733 fertur
713 1682 967 1732 testiculos
993 1682 1106 1741 sibi,

67 1753 193 1812 Quia
217 1759 422 1819 propter
446 1753 557 1803 illos
582 1754 765 1803 sentiat
789 1768 899 1806 sese
924 1755 1045 1817 peti.

68 1824 244 1874 Divina
268 1824 400 1890 quod
424 1825 618 1873 ratione
643 1823 754 1872 fieri
779 1838 879 1872 non
903 1837 1107 1886 negem:

67 1895 283 1944 Venator
307 1908 519 1959 namque
546 1893 693 1941 simul
718 1894 908 1942 invenit
931 1893 1226 1950 remedium,

70 1964 266 2015 Omittit
288 1966 451 2029 ipsum
475 1964 710 2028 persequi
736 1968 786 2012 et
808 1968 1008 2012 revocat
1032 1977 1195 2012 canes.

138 2035 243 2084 Hoc
267 2037 310 2084 si
334 2039 587 2099 praestare
613 2038 817 2098 possent
840 2032 1089 2089 homines,
1118 2038 1172 2083 ut
1196 2048 1285 2082 suo

68 2105 262 2154 Vellent
288 2118 483 2161 carere,
510 2105 606 2152 tuti
631 2103 834 2168 posthac
860 2104 1106 2160 viverent;

70 2174 213 2225 Haud
237 2175 498 2240 quisquam
522 2174 730 2224 insidias
755 2173 886 2223 nudo
910 2173 1098 2222 faceret
1124 2173 1335 2239 corpori.

607 2342 927 2393 FABVLA
962 2343 1139 2391 XXIX.

451 2438 453 2441 '
528 2432 816 2474 PAPILIO
845 2432 938 2473 ΕΤ
967 2431 1215 2473 VESPA.

197 2513 304 2559 Non
331 2513 636 2571 praeteritam
665 2513 1070 2613 sedfplrffiaesentem
1099 2512 1415 2569 aspiciendam
1445 2524 1544 2557 esse

771 2582 796 2612 o
845 2583 998 2613 unam.

142 2658 331 2723 Papilio
356 2673 556 2723 vespam
580 2658 989 2723 praetervolitans
1013 2657 1221 2706 viderat.

74 2727 113 2777 Ο
139 2734 325 2778 sortem
349 2728 590 2793 iniquam!
626 2728 740 2777 dum
766 2726 995 2777 vivebant
1021 2742 1240 2791 corpora,

74 2796 294 2854 Quorum
319 2813 379 2847 ex
402 2798 629 2863 reliquiis
654 2799 865 2847 animam
890 2813 979 2846 nos
1006 2798 1302 2862 accepimus,

74 2866 177 2931 Ego
203 2868 437 2935 eloquens
461 2870 514 2918 in
538 2883 683 2934 pace,
711 2869 854 2917 fortis
879 2867 1096 2933 proeliiS,

1605 142 1674 196 63

1618 2039 1673 2082 10
