1940 3072
208 283 312 342 ·Ut
334 255 558 356 pelagus
582 287 805 340 caluisse
829 287 1001 356 uidet,
1040 287 1157 340 ‘hic
1182 287 1379 358 aliger'
1403 288 1583 357 inquit

135 361 208 406 *90
231 361 246 383 ³
260 354 364 408 Hic
387 355 522 409 latet
543 355 764 410 Idalius.
809 357 901 410 sed
924 375 1038 411 non
1062 357 1216 426 latet,
1242 375 1478 427 aequora
1500 358 1731 413 feruent’

230 427 485 495 Agnosco
513 426 734 480 stridere
759 426 958 480 fretum
984 445 1076 481 ceu
1105 427 1356 481 Phoebus
1382 428 1605 482 anhelos

233 493 447 550 Oceano
473 495 654 549 demer
711 500 736 549 t
761 515 942 566 equos,
968 515 1090 550 cum
1116 501 1275 550 nocte
1299 498 1608 567 propinqua

230 564 386 619 Luna
407 565 561 619 uenit
584 514 835 620 steffiante
858 567 985 636 polo
1010 567 1368 636 pendentibus
1395 569 1567 622 astris,

231 633 352 697 Huc
377 635 500 689 ades
513 678 528 704 ‚
555 654 587 689 o
612 636 812 690 lasciue
835 655 993 705 puer,
1019 641 1073 690 te
1092 641 1270 691 mater
1294 637 1493 707 ubique

150 713 203 754 95
232 703 451 767 Quaerit
476 709 530 759 et
554 724 582 759 e
608 708 814 760 cunctis
838 712 1078 760 uestrum
1103 725 1187 760 me
1213 707 1362 759 misit
1386 708 1665 761 alumnum

230 773 310 828 Ut
332 776 516 829 uenias
540 780 795 844 parcente
820 783 1009 829 mora-‚⁹
1052 777 1128 830 sic
1152 777 1313 829 fatus
1366 781 1422 830 at
1446 777 1536 830 ille

229 845 508 899 Fluctibus
535 846 775 900 e-mediis
801 864 1024 916 surgens
1048 847 1304 900 rutilante
1331 847 1526 915 capillo

230 914 481 969 Excussit
502 933 601 985 per
623 917 785 970 inane
810 920 994 985 caput,
1022 917 1198 985 quatit
1220 917 1450 986 impiger
1475 917 1586 970 alas

230 984 309 1038 Ut
330 986 525 1054 pinnas
549 986 777 1039 desiccet
802 987 980 1055 aquiS,
1006 988 1168 1040 micat
1191 987 1334 1057 ignis
1359 990 1420 1039 ut
1444 990 1588 1040 astra

127 1063 209 1104 100
226 1055 510 1109 Plausibus
536 1074 786 1110 excussus
810 1058 989 1126 pueri,
1015 1075 1112 1125 per
1137 1060 1329 1110 cuncta
1355 1057 1563 1110 uideres

229 1123 537 1179 Scintillare
564 1126 728 1195 diem,
764 1127 999 1179 uolitant
1022 1144 1182 1195 super
1206 1144 1440 1195 aequora
1462 1127 1722 1181 flammae.

230 1194 319 1248 Sic
343 1196 437 1249 ubi
461 1197 718 1265 puniceos
743 1196 970 1249 rutilans
995 1198 1207 1249 Aurora
1232 1197 1454 1265 capillos

230 1265 476 1319 Pectinat
499 1270 624 1319 ante
651 1267 793 1319 diem
818 1285 953 1335 quae
979 1285 1105 1319 mox
1128 1266 1417 1335 perfundet
1439 1266 1630 1320 Eoum.

227 1334 473 1388 Phoenix
499 1337 615 1390 sola
639 1354 810 1407 genus
835 1338 984 1389 senio
1012 1337 1209 1389 lassata
1233 1340 1462 1405 uetust0‚

125 1413 207 1454 105
229 1404 492 1459 Cinnama
512 1408 597 1459 cui
621 1406 813 1459 folium
833 1406 1061 1459 nardum
1084 1409 1170 1458 tus
1195 1407 1433 1459 balsama
1457 1424 1728 1459 amomum

227 1475 534 1529 Informant
555 1479 680 1545 post
697 1476 871 1529 saecla
889 1494 1076 1545 pyram
1101 1477 1354 1544 reditura,
1387 1476 1690 1544 sepulcrum

231 1544 556 1599 Conscendit
579 1546 788 1599 factura
812 1564 973 1616 rogos
999 1550 1054 1599 et
1076 1547 1324 1598 uerberat
1348 1546 1459 1598 alas

229 1614 308 1669 Ut
330 1616 570 1669 flammas
595 1616 854 1669 adsciscat
877 1617 992 1669 auis
1005 1658 1020 1684 ‚
1048 1617 1122 1668 sic
1146 1617 1385 1669 nascitur
1409 1616 1552 1685 ignis

229 1687 374 1738 Ante
399 1686 579 1739 alitem
605 1687 898 1740 ambrosios
924 1687 1031 1739 iam
1054 1690 1467 1755 consumpturus
1494 1684 1707 1738 odores:

127 1764 208 1804 110
229 1754 316 1808 Sic
340 1774 474 1824 puer
498 1756 696 1808 Idalius
722 1757 1006 1826 spargebat
1029 1756 1302 1824 plausibus
1327 1757 1494 1826 ignes.

233 1825 402 1878 Piscis
427 1844 554 1878 aues
579 1830 821 1879 armenta
845 1844 1006 1895 pecus
1031 1826 1146 1878 fera
1169 1829 1352 1894 pastor
1378 1825 1635 1877 anhelant

228 1895 588 1965 Flammigero
614 1899 865 1965 surgente
891 1895 1006 1948 deo,
1044 1895 1192 1948 uolat
1217 1895 1339 1947 inde
1364 1913 1461 1963 per
1485 1895 1668 1947 altum.

230 1965 345 2018 Iam
365 1966 584 2018 uolucer
601 1984 713 2018 non
734 1966 867 2018 udus
888 1969 1014 2033 erat,
1043 1983 1378 2034 quocumque
1398 1966 1727 2033 propinquat

230 2038 343 2088 Aut
367 2036 687 2104 ubicumque
713 2035 833 2103 fuit,
859 2036 1056 2088 blando
1083 2036 1295 2088 feruore
1322 2039 1547 2103 uaporat

126 2116 206 2156 115
226 2105 397 2167 Quem
421 2107 662 2174 sequitur
686 2105 919 2158 uernalis
946 2105 1092 2173 odor,
1119 2106 1209 2157 uia
1233 2105 1458 2173 pulchra
1482 2122 1723 2157 rosarum

229 2175 490 2228 Tenditur
515 2179 568 2228 et
592 2176 763 2228 uiolas
781 2176 1050 2244 *pallentes
1076 2175 1300 2227 candida
1324 2175 1484 2243 peplo

229 2245 370 2298 Lilia
395 2245 698 2315 distingunt
723 2263 786 2298 ac
810 2246 974 2298 florea
998 2246 1187 2297 semita
1212 2246 1422 2312 crescit,

228 2315 549 2368 Persulcans
573 2333 670 2384 per
693 2316 853 2368 inane
879 2315 1033 2383 polos
1059 2315 1234 2368 micat
1248 2315 1423 2367 orbita
1447 2314 1656 2367 florum.

232 2383 421 2454 Cypris
448 2385 743 2439 odoriferos
772 2386 938 2437 sensit
961 2385 1195 2454 fraglare
1220 2384 1458 2437 uolatus:

235 2570 289 2610 93
326 2567 651 2622 pendentibus]
694 2570 751 2618 ef.
793 2570 833 2609 d.
868 2571 909 2608 d.
949 2569 1004 2608 II
1043 2571 1069 2607 6
1106 2567 1307 2621 pendula
1346 2567 1510 2607 sidera.
1574 2565 1724 2618 splen-

125 2623 337 2665 dentibus
368 2627 512 2665 inutile
599 2628 652 2666 98
683 2626 818 2664 niano
916 2626 996 2665 103
1027 2625 1243 2663 Pectniat
1268 2622 1275 2675 Ι
1302 2622 1550 2675 perfundat
1645 2623 1726 2662 105

126 2677 334 2720 Cmmma
359 2694 453 2720 ,ιιηο
491 2683 642 2722 calami
677 2683 803 2721 ductu
832 2681 1033 2730 scriptum
1070 2686 1112 2719 et
1150 2681 1258 2718 lectu
1294 2679 1510 2729 difficilius
1546 2679 1724 2730 ideoque

124 2735 243 2776 deest
271 2749 299 2789 γ
402 2737 482 2777 106
513 2737 639 2778 secla
664 2735 671 2790 Ι
697 2735 986 2789 sepulchrum
1094 2735 1172 2775 108
1204 2735 1405 2774 asciscat
1434 2734 1513 2773 sed
1541 2732 1567 2772 d
1599 2734 1726 2772 litera

72 2812 79 2893 f
124 2834 299 2928 appicta
329 2840 392 2874 est
510 2836 587 2875 109
617 2834 737 2874 Ante
779 2833 937 2873 alitem
976 2833 1052 2873 uix
1088 2844 1232 2872 sanum
1363 2832 1442 2872 113
1480 2795 1711 2882 uolam-el}

125 2900 181 2929 uo
205 2901 336 2929 ucrer
365 2903 392 2942 y

1661 164 1732 216 63

1740 530 1793 572 [P-
1816 527 1878 571 80]
