1986 3060
291 758 397 819 DE
440 757 798 819 PHAEDRI
840 756 1033 819 VITA
1074 757 1177 818 ΕΤ
1222 755 1583 821 SCRIPTIS.

242 928 279 978 Ι.
339 928 593 978 Phaedrus
627 929 836 993 Augusti
881 927 1091 979 libertus
1122 956 1195 968 --
1227 944 1327 979 non
1373 932 1493 980 satis
1540 935 1747 987 constat,

134 1000 246 1049 eius
279 1001 365 1064 qui
403 1001 595 1064 primus
632 999 727 1048 hoc
771 1014 953 1048 nomen
997 1001 1190 1065 accepit
1224 1015 1286 1049 an
1322 1001 1627 1050 successoris
1663 1000 1747 1048 Ti-

139 1069 270 1118 berii
293 1096 365 1104 —-
389 1076 534 1119 natus
570 1075 669 1126 est,
709 1071 955 1118 incertum
992 1085 1088 1134 quo
1116 1085 1268 1127 ann0,
1306 1071 1359 1119 in
1388 1075 1552 1119 monte
1579 1070 1748 1119 Pierio

138 1139 268 1204 apud
310 1138 618 1188 Macedonas
704 1138 840 1188 Idem
889 1146 1061 1189 tenera
1109 1139 1270 1188 adhuc
1314 1145 1474 1190 aetate
1517 1141 1571 1188 in
1614 1142 1746 1188 occi-

136 1210 338 1258 dentem
362 1209 557 1258 videtur
583 1223 691 1258 esse
720 1209 933 1266 delatuS‚
965 1215 1020 1257 ut
1051 1211 1136 1274 qui
1162 1211 1270 1274 ipse
1298 1216 1510 1267 asserat,
1528 1224 1746 1271 puerum

135 1296 189 1330 se
235 1279 417 1343 legisse
469 1281 521 1328 in
560 1279 725 1328 schola
767 1278 896 1329 Enni
945 1279 1192 1344 quendam
1236 1294 1461 1337 versum,
1509 1282 1610 1328 sive
1652 1279 1747 1328 Ro-

139 1365 248 1399 mae
292 1349 345 1398 id
389 1350 487 1398 fuit
532 1351 633 1398 sive
679 1351 845 1414 potius
890 1349 1027 1398 alibi.
1102 1349 1287 1398 Romae
1333 1351 1465 1398 enim
1511 1349 1641 1398 haud
1680 1351 1747 1398 ita

136 1420 346 1469 multum
380 1425 494 1484 post
517 1419 725 1482 Vergilii
759 1425 810 1468 et
837 1419 1031 1468 Horatii
1068 1418 1234 1468 obitus
1270 1419 1511 1469 sublatam
1549 1421 1748 1468 omnino

136 1506 164 1539 e
192 1490 324 1539 ludis
351 1491 667 1554 antiquorum
690 1491 981 1538 memoriam
1008 1489 1245 1538 docemur
1271 1492 1344 1538 eis
1368 1504 1493 1553 quae
1521 1489 1581 1537 de
1609 1489 1747 1538 Vale-

137 1562 214 1610 rio
257 1558 446 1616 Probe,
492 1559 708 1608 Phaedri
752 1559 971 1624 aequali,
1028 1559 1181 1608 tradit
1226 1559 1492 1608 Suetonius
1539 1557 1635 1624 [de
1679 1559 1749 1607 ill.

134 1645 343 1694 gramm.
369 1627 482 1695 24].
558 1629 789 1679 Ceterum
824 1629 911 1678 ubi
946 1631 999 1678 in
1024 1630 1263 1678 familiam
1299 1629 1566 1679 Caesarum
1590 1635 1748 1677 trans-

135 1703 221 1758 iit,
268 1706 319 1749 et
363 1699 646 1749 liberalium
689 1702 870 1749 artium
914 1699 1079 1749 studio
1124 1706 1174 1748 et
1217 1699 1510 1750 dexteritate
1557 1714 1749 1747 morum

138 1771 304 1820 effecit
327 1776 383 1819 ut
407 1769 637 1819 libertate
670 1770 955 1819 donaretur.

247 1840 350 1889 Iam
385 1846 625 1902 regnante
653 1839 861 1888 Tiberio
895 1854 1007 1887 cum
1044 1838 1162 1888 bina
1197 1838 1478 1888 fabularum
1503 1838 1750 1888 volumina

135 1912 409 1966 emisisset,
446 1909 614 1958 Seiani
649 1910 823 1959 fraude
862 1916 937 1957 est
972 1910 1354 1958 circumventus,
1428 1909 1584 1957 Erant
1617 1910 1751 1957 enim

138 1983 191 2030 in
235 1982 309 2030 eis
342 1995 468 2044 quae
505 1995 533 2029 a
569 1981 768 2029 civitate
805 1981 1053 2028 serviente
1091 1984 1142 2027 et
1177 1985 1355 2028 cuncta
1380 1978 1646 2042 malignius
1672 1979 1749 2027 in-

138 2056 447 2116 terpretante
483 2050 614 2099 haud
650 2049 960 2098 incommode
999 2055 1203 2114 possent
1236 2049 1367 2097 flecti
1404 2050 1458 2097 in
1484 2048 1748 2112 hos1psoe,

137 2127 194 2170 ut
228 2127 347 2186 puta
383 2135 510 2185 quae
548 2120 607 2169 de
645 2122 783 2169 ranis
818 2133 989 2183 regem
1024 2118 1312 2183 petentibus
1350 2119 1425 2167 vel
1462 2118 1521 2167 de
1549 2118 1751 2181 graculo

136 2190 464 2256 superbiente
500 2196 814 2255 prompserat
839 2191 1075 2254 scriptor,
1113 2204 1176 2237 ne
1205 2189 1300 2237 alia
1326 2188 1588 2252 pleraque,
1626 2203 1751 2252 quae

142 2262 384 2326 pravitate
435 2262 770 2309 conscientiae
822 2266 906 2309 aut
955 2259 1239 2323 suspicandi
1289 2260 1569 2307 >temeritate
1620 2258 1752 2306 trahi

138 2338 347 2396 potuere
372 2331 426 2379 in
452 2332 668 2387 crimen,
697 2345 830 2379 nunc
855 2337 1128 2393 tangamus.
1204 2327 1342 2385 Quod
1369 2343 1482 2377 cum
1507 2330 1575 2376 ita
1602 2334 1750 2382 esset,

136 2416 168 2450 a
204 2401 385 2450 Seiano
428 2401 504 2449 vel
555 2400 823 2449 clientibus
857 2402 1018 2465 ipsius
1053 2400 1328 2448 maiestatis
1375 2406 1449 2447 est
1494 2404 1753 2446 accusatus

137 2471 496 2535 damnatusque
531 2470 663 2519 haud
699 2470 874 2527 dubie,
923 2471 1016 2518 etsi
1062 2470 1122 2518 de
1157 2484 1314 2533 poena
1359 2469 1467 2516 eius
1500 2482 1598 2516 non
1634 2468 1754 2515 satis

136 2547 351 2590 constet.
427 2540 599 2605 Neque
638 2555 758 2589 vero
791 2540 1058 2589 interfecto
1086 2538 1265 2587 Seiano
1290 2539 1606 2586 inimicorum
1641 2537 1754 2585 odio

136 2617 191 2659 et
224 2612 552 2661 insectatione
590 2611 751 2659 caruit
785 2610 944 2666 idem,
982 2608 1163 2673 quibus
1198 2607 1466 2656 obnoxium
1493 2622 1545 2656 se
1571 2606 1753 2655 identi-

138 2680 254 2730 dem
289 2682 475 2730 fatetur
509 2679 638 2729 libro
664 2681 831 2729 terti0.
896 2680 1038 2728 Hunc
1065 2693 1176 2727 cum
1201 2677 1430 2726 leniendo
1456 2676 1611 2725 dolori
1638 2691 1753 2724 con-

141 2752 418 2814 posuisset,
458 2750 679 2815 Eutycho
719 2750 916 2798 cuidam
952 2749 1210 2811 inscripsit
1243 2746 1424 2796 liberto
1451 2747 1501 2796 C.
1531 2746 1756 2795 Caesaris

140 2820 220 2868 vel
258 2820 448 2870 Claudii
484 2835 631 2885 quem
678 2820 824 2869 simul
860 2825 913 2867 ut
950 2833 1001 2867 se
1036 2818 1314 2866 vindicaret
1348 2832 1374 2865 a
1410 2816 1646 2881 periculis
1682 2817 1758 2863 iu-
