1986 3060
181 148 287 189 VIII
507 138 587 182 DE
611 136 880 182 PHAEDRI
902 135 1049 181 VITA
1071 134 1149 180 ET
1180 133 1458 180 SCRIPTIS.

179 265 233 313 in
259 264 332 312 eis
357 277 482 328 quae
513 262 770 312 codicibus
795 261 1067 311 Pithoeano
1090 261 1424 325 Remensique
1452 263 1502 307 et
1525 257 1782 308 Perottino

181 339 438 383 servantur
470 334 606 396 leges
631 334 867 382 metricae
894 331 954 381 ab
982 339 1180 382 auctore
1207 345 1399 380 summa
1424 343 1535 378 cum
1563 328 1781 378 sollertia

180 403 467 454 observatae
492 404 637 469 plene
664 405 974 468 optinerent,
1014 417 1136 467 quas
1161 401 1278 450 ilico
1302 402 1402 450 iam
1426 412 1779 464 proponemus,

821 487 1133 536 Breviarium

666 559 902 606 metricae
935 558 1056 606 artis
1088 555 1303 605 Phaedri

395 625 480 692 [ex
511 627 630 676 libri
665 627 724 676 de
759 643 815 676 re
850 628 1060 677 metrica
1094 625 1329 691 opusculo
1363 622 1568 690 primo}

282 711 537 761 Phaedrus
571 718 625 760 ut
661 713 867 776 inpuros
900 713 1177 768 trimetrOS,
1212 726 1313 759 non
1347 725 1431 758 eos
1455 710 1541 774 qui
1566 707 1781 771 tragico-

178 796 290 830 rum
314 781 533 845 Augusto
559 782 838 846 aequalium
864 781 1137 847 Catullique
1174 795 1230 830 ac
1255 779 1480 830 Bibaculi
1514 784 1563 828 et
1585 778 1780 827 Horatii

178 867 274 900 usu
298 851 680 909 increbuerant,
723 853 861 917 operi
895 851 1179 909 adhiberet,
1228 852 1532 900 comicorum
1556 854 1779 897 veterum

179 921 418 970 adductus
456 935 563 971 esse
597 928 760 986 potest
784 923 942 971 videri
969 920 1212 987 exemplo,
1276 921 1338 969 Hi
1363 921 1498 969 enim
1520 946 1592 958 -—
1617 933 1778 982 gram-

177 993 473 1040 maticorum
504 991 799 1041 Latinorum
835 992 1030 1057 placitis
1068 993 1109 1041 si
1147 991 1310 1040 credis
1342 1017 1413 1028 -—
1456 995 1513 1039 ut
1549 1004 1675 1055 quae
1711 988 1778 1036 lo-

178 1068 399 1126 quuntur
434 1069 629 1126 sumpta
664 1061 724 1111 de
757 1064 857 1111 vita
890 1069 1036 1126 putes
1071 1063 1249 1111 vitiant
1285 1060 1505 1110 iambum
1538 1057 1781 1108 tractibus

178 1131 475 1195 spondiacis.
524 1131 821 1196 Plerumque
848 1138 1014 1181 tamen
1041 1131 1215 1181 dubito
1242 1147 1303 1180 an
1330 1130 1444 1195 Syri
1473 1131 1641 1194 potius
1667 1143 1777 1177 sen·

176 1202 446 1250 tentiarum
480 1216 604 1265 quae
629 1206 735 1250 tum
759 1203 971 1250 maxime
1008 1203 1061 1250 in
1087 1217 1172 1250 ore
1211 1206 1353 1250 erant
1377 1201 1654 1256 hominum,
1695 1212 1779 1247 au-

178 1271 403 1320 ctoritate
438 1271 691 1335 inpulsum
717 1272 929 1320 eundem
954 1279 1150 1336 putem,
1179 1277 1236 1320 ut
1261 1271 1420 1319 simile
1448 1284 1604 1333 genus
1628 1268 1780 1318 metri

176 1342 231 1389 in
264 1342 472 1390 materia
508 1341 640 1389 haud
677 1342 746 1389 ita
788 1341 983 1390 diversa
1021 1340 1298 1390 adhiberet.
1379 1339 1476 1389 Sed
1511 1345 1779 1403 utcumque

176 1425 259 1459 res
283 1409 459 1467 habet,
499 1425 673 1473 magna
701 1416 835 1460 certe
863 1427 974 1460 cum
1009 1427 1128 1460 cura
1163 1410 1392 1475 expolitis
1416 1411 1574 1460 utitur
1597 1408 1780 1460 iambis

177 1480 311 1528 idem
346 1485 395 1528 et
431 1481 517 1544 qui
553 1495 579 1529 a
608 1480 771 1529 Plauti
806 1486 855 1530 et
883 1481 1106 1530 Terentii
1143 1481 1342 1546 placitis
1377 1481 1646 1545 plurimum
1683 1479 1778 1527 dif-

178 1551 361 1599 ferant.
436 1549 560 1599 Nam
597 1556 646 1599 et
679 1550 773 1599 hoc
799 1553 983 1600 acriter
1020 1553 1215 1614 vitavit,
1259 1566 1321 1599 ne
1359 1566 1531 1600 versus
1567 1550 1779 1599 nimium

177 1625 503 1683 gravarentur
530 1634 680 1669 onere
707 1621 1062 1684 spondeorum,
1103 1636 1226 1686 quos
1251 1621 1431 1670 iambis
1457 1620 1665 1685 aliisque
1691 1634 1777 1684 pe-

178 1688 324 1738 dibus
369 1689 697 1754 frequentatis
740 1691 1012 1755 prudenter
1054 1693 1377 1756 temperavit,
1440 1697 1490 1740 et
1531 1693 1779 1753 insignem

179 1761 312 1808 circa
347 1759 603 1808 solvendas
639 1762 765 1810 arsis
791 1762 868 1811 vel
897 1762 1049 1812 thesis
1074 1776 1167 1810 nec
1192 1763 1357 1810 minus
1383 1762 1518 1810 circa
1544 1761 1779 1810 elisiones

179 1835 229 1878 et
254 1830 503 1893 synizeses
531 1829 757 1879 adhibuit
783 1831 1108 1895 diligentiam.

282 1898 454 1964 Itaque
489 1915 580 1963 per
615 1915 785 1949 omnes
818 1907 984 1966 partes
1010 1903 1157 1950 metri
1194 1907 1397 1966 excepta
1427 1902 1599 1951 ultima
1631 1914 1778 1964 spon-

179 1969 288 2018 deis
323 1974 372 2017 et
407 1968 587 2018 iambis
613 1972 926 2034 promiscuus
961 1987 1080 2021 usus
1116 1972 1278 2028 adest,
1318 1987 1375 2020 ea
1399 1977 1564 2020 tamen
1589 1970 1699 2033 lege
1726 1976 1780 2018 ut

178 2040 350 2103 quinto
375 2039 502 2103 pede
528 2042 692 2103 potior
717 2042 783 2090 sit
807 2042 1072 2105 spondeus,
1148 2041 1333 2090 Tamen
1369 2047 1419 2090 et
1452 2041 1525 2090 ibi
1560 2041 1778 2090 admitti-

177 2115 260 2158 tur
285 2108 480 2158 iambus
505 2111 547 2158 si
573 2112 870 2160 terminetur
903 2127 1075 2161 versus
1114 2109 1349 2161 vocabulo
1374 2111 1485 2175 plus
1514 2126 1663 2176 quam
1688 2111 1779 2160 tri-

178 2177 362 2242 syllabo
387 2178 519 2229 velut
541 2180 611 2228 ita

514 2264 662 2299 ranae
689 2257 919 2313 vagantes
943 2250 1119 2300 liberis
1144 2251 1424 2315 paludibus,

177 2332 234 2380 In
259 2332 385 2381 hanc
411 2334 558 2382 etiam
582 2333 833 2383 licentiam
859 2349 1148 2384 concessere
1172 2350 1363 2392 versuS,
1391 2337 1444 2383 in
1470 2334 1651 2400 quibus
1677 2351 1778 2385 am·

177 2401 481 2466 phibrachus
516 2403 594 2451 vel
630 2405 838 2453 creticus
873 2420 985 2454 cum
1018 2404 1351 2469 monosyllabo
1387 2406 1676 2470 insequente
1702 2406 1781 2456 vel

177 2472 506 2535 praecedente
533 2473 813 2522 coalescunt
836 2475 889 2522 in
915 2490 1094 2524 unum:

391 2542 495 2599 odi,
535 2544 723 2608 inquit,
750 2543 890 2592 illum
916 2547 1031 2608 quia
1057 2544 1199 2594 malis
1225 2546 1412 2594 amicus
1437 2551 1529 2594 est.

391 2613 583 2676 trepide
611 2627 908 2662 concursans
935 2621 1172 2679 occupata
1199 2615 1248 2663 in
1275 2617 1392 2663 otio·

179 2692 332 2742 Recte
360 2697 509 2743 etiam
533 2698 585 2745 in
611 2698 707 2746 fine
742 2697 998 2762 copulatur
1023 2698 1287 2748 trochaeus
1312 2713 1425 2748 cum
1451 2700 1661 2748 cretico:

390 2767 526 2813 canis
550 2769 835 2829 parturiens
859 2781 970 2816 cum
995 2774 1219 2831 rogasset
1242 2767 1463 2818 alteram.

181 2846 278 2895 Sed
302 2849 507 2897 minime
533 2849 649 2899 licet
674 2852 901 2915 quintum
925 2851 1103 2916 pedem
1129 2853 1372 2902 contineri
1396 2851 1549 2901 verbo
1575 2852 1628 2901 in
1652 2853 1774 2902 iam-
