1940 3072
1860 14 1897 205 1,,

814 134 1149 171 —X—

135 239 304 292 iectae
366 239 420 290 in
479 237 810 291 bibliotheca
869 236 1043 306 Regia
1103 237 1471 290 uniuersitatis
1533 233 1827 292 litterariae
1861 121 1924 349 s<

136 311 510 381 Gottingensis
558 311 935 384 adseruantur
983 313 1038 362 et
1082 310 1304 363 Ioannis
1350 309 1631 364 Schraderi
1686 327 1826 366 com·
1874 342 1924 421 ἱ

134 387 429 439 mentarius
470 385 838 438 Berolinensis
879 352 967 455 (cf.
1007 383 1235 437 Hermes
1271 383 1611 454 XVp.183
1649 403 1701 438 n.
1732 383 1878 457 54)

136 462 190 512 et
226 458 449 512 Ioannis
492 458 850 512 Schaubachii
889 457 1092 511 Aratea
1130 457 1431 526 Lipsiensia
1478 455 1568 530 (.cf
1610 457 1828 512 Germa·
1867 441 1925 610 ll

132 533 242 585 nici
280 533 482 586 Aratea
520 553 570 602 p.
609 532 793 585 XXIX
832 535 885 585 et
924 549 1104 602 progr.
1144 532 1258 585 Erf.
1295 551 1347 601 p.
1385 455 1560 602 VIII).

280 606 361 660 Ac
417 607 481 660 de
530 607 793 660 librorum
847 624 1012 659 manu
1059 606 1381 674 scriptorum
1428 609 1482 658 et
1528 567 1888 659 editionum

132 679 465 733 Venetarum
497 682 816 734 auctoritate
850 682 904 732 et
932 679 1255 749 cognatione
1281 680 1357 732 sic
1380 680 1580 733 iudico,
1612 681 1823 734 saeculo

129 772 272 808 nono
322 758 416 807 aut
462 755 665 808 decimo
707 754 988 823 archetypi
1025 752 1350 806 Arateorum
1388 754 1557 807 fuisse
1597 771 1824 824 apogra—
1904 757 1924 820 ⁵!

129 828 294 897 phon‚
334 828 394 880 in
432 847 536 898 quo
578 831 633 881 et
663 847 851 881 uersus
883 828 966 880 illi
996 830 1106 880 tres
1139 827 1426 896 270,570‚
1471 828 1610 880 1079
1645 832 1825 882 essent
1883 793 1926 901 l

129 902 308 955 mutili
348 905 401 954 et
438 922 486 955 11,
522 902 629 955 675
665 902 1056 955 desideraretur
1087 919 1322 954 caesura.
1385 901 1579 970 quibus
1612 902 1819 956 mendis
1913 915 1928 974 ’ζ

130 993 250 1028 011111
289 975 729 1029 Vindobonensis
779 979 833 1028 et
878 978 1091 1044 praeter
1138 993 1415 1028 caesuram
1455 995 1504 1028 u.
1546 975 1653 1028 675
1693 975 1822 1029 Am·
1884 963 1901 1042 5

128 1049 414 1102 brosianus
474 1052 634 1119 atque
689 1049 952 1102 editiones
1007 1048 1248 1102 Venetae
1302 1049 1503 1117 pariter
1557 1049 1820 1119 laborent,

128 1122 296 1176 libros
336 1126 553 1177 nostros
595 1141 781 1176 omnes
823 1124 890 1176 ab
927 1124 1021 1175 illo
1056 1123 1368 1192 apographo
1399 1123 1670 1191 profectos
1704 1141 1820 1176 esse

128 1214 347 1249 necesse
373 1201 469 1267 est.
509 1215 573 1249 ex
598 1216 702 1267 quo
729 1198 997 1266 descripta
1023 1215 1138 1250 esse
1165 1197 1406 1265 suspicor
1430 1197 1534 1249 duo
1560 1197 1821 1267 exempla,

128 1289 355 1339 quorum
410 1290 576 1324 unum
630 1271 735 1324 fuit
780 1272 1020 1340 plenum,
1076 1271 1302 1323 alterum
1349 1271 1671 1323 mutilatum.
1756 1289 1821 1324 ex

126 1344 221 1397 illo
268 1348 430 1397 natae
479 1349 605 1398 sunt
652 1345 871 1415 Georgii
918 1344 1110 1398 Vallae
1158 1348 1212 1397 et
1257 1344 1385 1396 Aldi
1430 1343 1664 1397 Manutii
1711 1345 1819 1397 edi-

126 1418 326 1487 tiones,
375 1437 437 1471 ex
477 1419 580 1472 hoc
618 1418 744 1471 libri
784 1437 947 1471 manu
987 1419 1208 1471 exarati.
1283 1419 1392 1470 iam
1430 1436 1558 1471 uero
1599 1421 1652 1470 et
1689 1418 1819 1471 Am-

125 1491 409 1545 brosianus
451 1511 482 1544 a
521 1492 930 1545 Vindobonensi
969 1495 1022 1544 et
1057 1491 1255 1544 Aldina
1296 1511 1326 1543 a
1364 1492 1542 1561 priore
1582 1491 1817 1546 editione

127 1567 340 1618 tantum
380 1566 561 1635 distat,
601 1570 661 1618 ut
700 1567 840 1618 inter
878 1566 1121 1634 exempla
1159 1566 1267 1631 illa,
1308 1583 1371 1617 ex
1410 1565 1602 1634 quibus
1635 1584 1818 1619 mana-

127 1643 337 1709 uerunt‚
376 1642 430 1692 et
468 1640 636 1693 libros
676 1641 824 1708 ipsos
866 1640 974 1693 alia
1013 1640 1260 1708 exempla
1292 1640 1446 1708 quasi
1479 1639 1675 1710 gradus
1707 1658 1819 1693 non

124 1713 340 1780 possint
384 1731 495 1766 non
542 1713 824 1767 interiecta
870 1713 1039 1766 fuisse
1079 1711 1170 1784 (cf.
1210 1731 1390 1783 progr.
1430 1713 1542 1766 Erf.
1581 1732 1632 1782 p.
1670 1713 1816 1784 VII).

126 1785 632 1840 Vindobonensium
665 1790 846 1840 autem
877 1788 1033 1856 libro,
1066 1787 1262 1856 quippe
1295 1788 1386 1856 qui
1417 1791 1641 1855 propter
1674 1791 1816 1840 aeta-

124 1862 234 1912 tem
294 1864 349 1913 et
403 1861 789 1930 scripturarum
844 1861 1233 1930 praestantiam
1290 1861 1357 1914 ad
1410 1860 1815 1914 similitudinem

126 1933 403 2003 archetypi
444 1935 675 2003 accedat,
715 1935 979 2003 imprimis
1018 1935 1149 1986 fides
1188 1934 1437 1987 habenda
1476 1935 1695 2003 eiusque
1735 1953 1814 1988 se·
1925 1945 1932 1998 1,

124 2008 335 2075 quenda
393 2009 685 2061 auctoritas
743 2012 839 2061 est.
924 2008 1345 2061 Ambrosianum
1395 2011 1580 2061 tamen
1627 2026 1691 2060 ex
1737 2027 1815 2061 re-
1928 2006 1932 2046 ¹

123 2081 359 2134 rentiore
398 2083 642 2150 exemplo
677 2083 963 2135 deductum
996 2100 1111 2134 esse
1144 2082 1402 2134 lectiones
1433 2083 1582 2150 ipsae
1614 2085 1813 2135 testan-

122 2156 232 2223 tuS‚
279 2156 431 2208 uelut
483 2156 732 2224 Iupiter
781 2174 1006 2208 succus
1056 2158 1244 2224 atque
1290 2159 1667 2208 auctumnus
1709 2173 1812 2226 ge-

120 2228 324 2280 nitrix
370 2229 669 2281 humerus
719 2229 883 2281 haud
929 2229 1226 2282 connitor
1266 2226 1352 2298 (cf.
1392 2246 1570 2298 progr.
1610 2229 1720 2283 Erf
1760 2249 1810 2299 p.

120 2298 211 2371 V).
275 2304 423 2385 3111111
462 2321 583 2355 011111
622 2303 919 2355 editionum
952 2302 1281 2355 Venetarum
1322 2303 1514 2355 similis
1551 2303 1689 2356 ratio
1727 2305 1811 2372 sit,

121 2375 289 2442 priori
327 2377 448 2443 plus
487 2376 831 2429 tribuendum
872 2379 955 2428 est
993 2395 1153 2445 quam
1191 2377 1492 2445 posteriori.

269 2448 369 2501 His
414 2450 581 2519 igitur
622 2450 944 2502 adiumentis
984 2450 1062 2501 ita
1101 2468 1230 2502 usus
1272 2468 1412 2518 sum,
1460 2451 1521 2502 ut
1561 2450 1809 2502 omnibus
1915 2437 1933 2490 (

122 2521 231 2574 fere
264 2523 558 2591 scripturis,
591 2541 725 2591 quae
759 2524 824 2575 ad
857 2523 1303 2592 orthographiam
1330 2523 1618 2592 pertinent,
1650 2524 1809 2576 omis-

124 2596 195 2647 sis
235 2597 497 2664 imprimis
536 2597 797 2649 librorum
837 2615 1001 2649 manu
1038 2597 1360 2664 scriptorum
1392 2597 1807 2665 discrepantiam

123 2669 502 2737 gravissimam
540 2673 803 2739 notarem,
843 2670 1139 2722 editionum
1172 2676 1352 2722 autem
1383 2688 1507 2722 raro
1539 2671 1806 2723 rationem
1905 2599 1935 2772 55¹

121 2740 392 2811 haberem,
430 2744 535 2796 nisi
574 2743 715 2812 quod
753 2744 908 2797 initio
950 2743 1169 2812 Georgii
1203 2743 1395 2796 Vallae
1432 2743 1687 2796 lectiones
1727 2747 1807 2796 at-
1896 2744 1906 2811 j

120 2815 219 2866 tuli
265 2817 443 2883 plures
491 2835 652 2885 quam
699 2819 902 2885 postea.
980 2820 1034 2869 et
1081 2816 1254 2885 siquid
1293 2817 1350 2869 in
1391 2816 1586 2869 Aldina
1624 2817 1711 2869 uel
1749 2817 1806 2870 in
1894 2820 1900 2887 ξ’

1915 537 1927 573 -
