1940 3072
27 494 112 536 825

7 875 10 899 τ
27 863 113 906 830

10 1243 12 1254 ²
28 1231 114 1272 835

11 1609 14 1624 ¹
29 1599 116 1640 840

13 1978 17 1991 ³
30 1966 115 2007 845

143 256 400 328 languida
437 275 537 311 nec
575 259 721 312 certo
762 258 861 311 sub
900 258 1118 312 nomine
1157 260 1357 312 cuncta·
1388 257 1649 312 feruntur.

218 330 378 384 Ultra
417 331 618 385 saetosi
655 350 867 385 rursum
907 332 1140 401 speciem
1179 331 1500 402 capricorni,

146 404 380 459 cardinis
419 405 641 458 inmersi
681 424 787 476 qua
826 409 951 458 sunt
991 407 1249 459 australia
1286 406 1479 473 flabra,

144 479 200 531 in
238 478 453 548 pistrim
490 479 800 547 horrificam
839 497 1130 533 conuersus
1169 480 1378 533 uiscera
1414 478 1581 548 piscis

147 552 475 607 subuehitur.
551 554 803 607 notium
841 557 1000 607 uocat
1038 554 1203 606 istum
1243 552 1468 606 Graecia
1506 553 1762 621 piscem.

146 626 334 680 stellae
374 627 511 679 aliae
550 627 751 680 mundo
759 669 774 697 ,
812 645 918 696 qua
955 628 1179 696 pulcher
1218 627 1470 696 aquarius
1507 627 1679 679 instat

146 703 200 752 et
239 718 345 769 qua
385 700 606 754 cristato
646 701 926 771 consurgit
962 702 1121 754 belua
1160 702 1319 755 dorso

145 792 313 843 usque
355 775 454 827 sub
496 775 628 827 aerii
666 775 949 827 rutilantia
989 775 1167 828 sidera
1203 774 1396 844 piscis,

147 851 274 900 sunt
313 848 519 900 mediae
557 848 829 916 flammae,
868 849 1068 902 sterilis
1109 867 1170 902 ac
1210 849 1345 902 lucis
1386 864 1611 918 egenae,

145 939 274 973 nam
311 922 515 990 passim
553 922 728 991 ignoti
766 922 883 975 uice
922 922 1074 992 uulgi
1115 925 1285 975 semet
1322 923 1381 974 in
1420 920 1666 974 aethram

145 995 459 1064 protollunt.
536 995 781 1049 dextram
822 996 914 1049 sed
951 998 1168 1049 tantum
1206 999 1430 1065 propter
1469 994 1686 1063 ephebi,

145 1069 339 1136 pocula
379 1086 537 1138 quem
576 1070 762 1122 diuum
801 1070 999 1122 mensis
1041 1073 1255 1140 gestare
1293 1070 1612 1138 loquuntur,

146 1141 307 1194 efflua
346 1160 401 1195 se
442 1143 644 1211 species
683 1143 1007 1212 liquidarum
1046 1143 1223 1196 fundit
1262 1162 1522 1211 aquarum

148 1216 320 1283 partis
358 1216 417 1267 in
457 1217 716 1286 geminas.
791 1217 886 1268 lux
923 1216 1036 1269 illic
1075 1217 1220 1270 clara
1258 1217 1465 1269 duabus

148 1291 230 1342 est
269 1290 446 1342 solum
483 1290 708 1343 facibus
782 1308 894 1343 non
930 1290 1064 1343 haec
1103 1291 1342 1359 spatiosa
1380 1308 1477 1358 per
1515 1289 1760 1343 aethram

147 1363 435 1416 interualla
473 1366 660 1416 tenent
698 1382 871 1433 neque
909 1365 1090 1416 lumen
1127 1364 1329 1417 lumine
1369 1363 1508 1416 forte

148 1436 442 1489 conlidunt.
519 1437 610 1489 alii
650 1436 949 1507 Phrygium
986 1456 1111 1491 nam
1154 1438 1338 1490 subter
1378 1437 1645 1505 ephebum

148 1510 300 1562 ardet
339 1528 495 1579 apex,
536 1511 651 1579 alii,
691 1528 796 1579 qua
835 1528 1055 1564 curuam
1093 1512 1254 1564 belua
1294 1511 1519 1564 caudam

146 1584 426 1652 terminat,
464 1584 694 1654 insignis
735 1585 846 1637 late
886 1585 1125 1638 uomitur
1164 1585 1358 1655 globus
1397 1585 1557 1654 ignis

148 1658 353 1710 cunctis
392 1675 590 1710 nomen
622 1676 783 1726 aqua
814 1662 910 1710 est.
974 1659 1103 1727 quin
1136 1659 1325 1711 stellae
1357 1658 1584 1728 denique
1615 1661 1839 1728 propter

148 1749 244 1783 ora
283 1731 611 1800 sagittigeri,
651 1750 757 1800 qua
796 1750 852 1784 se
891 1733 1125 1800 uestigia
1163 1732 1334 1800 prima

148 1804 449 1873 cornipedis
490 1805 768 1873 simulant,
809 1805 1305 1858 circumuoluuntur
1344 1803 1575 1874 Olympo
1585 1847 1600 1876 ,

148 1878 267 1947 quis
306 1878 423 1930 face
463 1879 563 1931 sub
603 1878 755 1931 tenui
792 1879 1109 1931 tenebrosus
1149 1881 1387 1931 marceat
1424 1879 1582 1948 ignis.

222 1951 360 2005 Ecce
399 1955 698 2005 uenenatae
740 1971 846 2021 qua
885 1953 1127 2021 scorpius
1170 1953 1382 2021 agmine
1422 1953 1622 2005 caudae

147 2025 411 2094 plurimus
453 2026 680 2094 erigitur
717 2026 1063 2095 tepidumque
1105 2043 1263 2094 super
1302 2026 1468 2079 micat
1507 2029 1771 2097 austrum,

147 2099 407 2168 paruulus
446 2099 536 2151 hic
577 2118 749 2152 aram
787 2100 935 2152 locus
976 2099 1240 2167 exprimit.
1315 2099 1455 2153 hanc
1497 2100 1630 2153 satis
1672 2104 1790 2154 arto

149 2177 388 2241 tempore
429 2172 687 2241 suspicies
727 2173 926 2225 mundo
964 2173 1223 2225 rutilante
1263 2173 1469 2226 referri.

149 2263 274 2298 nam
313 2247 494 2314 polu8,
533 2247 760 2299 aduerso
802 2247 892 2315 qui
931 2247 1144 2299 tollitur
1184 2264 1280 2299 axe
1318 2245 1532 2316 Bootis,

269 2439 354 2479 822
390 2434 599 2479 feruntur
630 2433 675 2478 A
707 2434 779 2479 fei-
818 2434 863 2477 V
919 2439 1004 2479 828
1039 2434 1171 2478 dorso
1202 2434 1247 2478 A
1281 2435 1419 2479 dorsu
1460 2435 1503 2478 V
1561 2439 1644 2479 837
1677 2437 1840 2481 tenent

160 2493 203 2537 V
222 2495 328 2538 tene
354 2495 398 2537 A
421 2495 436 2550 ΙΙ
460 2493 633 2538 lumine
665 2493 783 2538 forte
813 2507 839 2537 v
871 2492 1030 2537 ubiuia
1059 2493 1186 2537 fonte
1221 2493 1265 2536 V
1291 2494 1431 2538 obuia
1454 2493 1581 2538 fonte
1605 2493 1651 2537 A
1675 2494 1838 2540 uotiua

151 2552 280 2597 fonte
309 2567 330 2597 e
454 2557 539 2597 838
580 2552 661 2596 alii
702 2552 787 2595 VA
822 2551 902 2594 uni
934 2552 1124 2596 Grotius
1154 2553 1210 2606 cf.
1244 2552 1431 2596 Hermes
1465 2553 1569 2595 XV
1588 2567 1638 2608 p.
1670 2556 1761 2597 187
1790 2568 1836 2598 n.

153 2615 212 2655 66
274 2615 356 2654 841
392 2611 570 2655 cunctis
593 2625 618 2655 v
651 2610 805 2654 cuncti
839 2610 955 2654 VAe
977 2612 992 2665 ΙΙ
1016 2625 1139 2666 aqua
1174 2611 1214 2654 V
1236 2624 1356 2670 aque
1380 2612 1425 2655 A
1449 2613 1464 2667 ΙΙ
1488 2612 1559 2654 est
1592 2611 1635 2654 V
1654 2624 1736 2655 om.
1762 2613 1807 2655 A
1825 2614 1839 2669 {fl

151 2668 263 2725 quin
296 2669 541 2715 Schraderi
578 2670 923 2714 commentarius
952 2669 1104 2713 Berol.
1137 2669 1193 2724 cf.
1228 2670 1414 2714 Hermes
1457 2670 1559 2712 XV
1587 2684 1635 2726 p.
1670 2674 1760 2715 187
1791 2685 1835 2715 n.

153 2732 213 2773 67
258 2728 338 2783 qui
376 2728 425 2771 in
470 2728 554 2772 VA
675 2742 719 2772 u.
761 2732 849 2772 845
888 2729 1156 2773 inscribitur
1195 2726 1319 2771 ARA
1368 2728 1454 2772 VA
1574 2733 1659 2772 846
1702 2743 1840 2785 super

151 2786 296 2831 micat
326 2787 371 2830 A
404 2787 713 2843 supermicata
754 2787 797 2830 V
866 2790 950 2831 847
983 2787 1103 2830 hanc
1138 2786 1325 2833 Grotius
1356 2787 1445 2832 hoc
1487 2787 1571 2831 VA
1641 2791 1726 2831 849
1760 2789 1838 2843 qui

159 2843 243 2889 VA
275 2845 331 2901 cf.
365 2846 552 2891 Hermes
586 2846 690 2890 XV
710 2860 756 2902 p.
791 2848 881 2890 187
912 2859 956 2890 n.
990 2848 1051 2891 68

1422 2919 1482 2962 3*
