1940 3072
98 293 298 330 cornua
338 275 413 328 sic
451 292 581 328 uera
620 276 719 329 sub
758 276 990 346 imagine
1030 294 1196 331 curua
1234 276 1536 347 dehiscunt,

97 350 171 403 sic
209 349 440 403 mediam
478 349 663 403 creber
699 350 881 419 pecori
918 350 1152 404 frontem
1192 354 1409 420 asperat
1447 352 1612 422 ignis,

96 424 171 477 sic
208 423 455 493 hyades
494 424 638 477 tauri
675 426 794 477 toto
833 425 1021 493 procul
1060 442 1151 478 ore
1191 428 1487 479 coruscant.

11 510 61 551 35
96 501 154 551 at
191 497 395 552 borean
432 497 589 551 laeuo
630 516 736 567 qua
773 501 960 551 taurus
1000 499 1242 552 acumine
1280 499 1487 569 pulsat,

96 572 324 642 desuper
362 571 582 641 aurigae
622 572 806 624 dexter
843 590 938 641 pes
978 572 1223 625 imminet
1261 575 1424 626 astro,

94 664 203 700 una
240 645 431 716 pedem
471 646 694 716 aurigae
732 645 979 699 dextrum
1019 664 1344 716 cornumque
1385 646 1662 700 sinistrum

97 720 252 773 stella
289 722 440 772 tenet
477 721 703 788 pecoris.
780 720 939 772 simul
978 720 1037 773 in
1076 738 1316 774 conuexa
1353 720 1619 790 feruntur,

95 793 189 848 sed
229 794 379 863 prior
417 793 622 848 occidui
659 796 848 847 taurus
889 794 1034 847 subit
1074 794 1320 864 aequoris
1360 794 1546 848 undas,

26 876 63 921 ὀ
168 866 282 921 Nec
320 885 439 920 mea
477 886 633 921 musa
672 886 853 922 senem
891 868 1117 921 tacitum
1157 866 1412 937 Cephea
1449 869 1739 939 relinquet,

94 959 206 995 non
245 945 368 1011 eget
404 941 562 994 huius
603 942 745 995 enim
787 941 937 995 sedes
980 960 1132 995 sacra
1170 942 1422 995 mominis
1462 942 1647 997 hilum.

6 1028 62 1069 41
94 1014 311 1069 Iasiden
350 1034 560 1085 quoque
601 1034 811 1070 summa
848 1016 962 1086 poli
1002 1015 1217 1085 Cephea
1254 1017 1563 1086 reuoluunt,

91 1089 248 1142 illum
289 1089 418 1158 quin
456 1090 622 1142 etiam
661 1091 855 1143 rutilae
895 1093 1050 1159 pater
1087 1091 1273 1143 intulit
1311 1090 1528 1143 aethrae

94 1163 420 1232 donauitque
460 1164 603 1233 polo.
679 1167 834 1235 tergo
875 1163 1243 1234 Cynosuridos
1282 1182 1440 1218 ursae

93 1240 218 1306 post
256 1237 471 1290 habitat
509 1238 856 1307 geminasque
895 1256 1087 1291 manus
1129 1256 1160 1290 a
1197 1242 1414 1307 pectore
1452 1238 1643 1291 tendit.

5 1322 62 1364 45
96 1314 153 1364 at
192 1310 406 1364 diducta
445 1311 607 1381 pedes
645 1314 859 1365 tantum
898 1330 1149 1365 mensura
1188 1313 1380 1365 seniles

0 1398 61 1449 μθ
96 1384 311 1454 diuidit,
351 1387 590 1438 extrema
631 1389 891 1456 quantum
929 1386 1062 1456 pede
1102 1386 1269 1439 distat
1307 1387 1374 1439 ab
1414 1404 1556 1440 ursa.

0 1472 61 1516 *48
168 1458 404 1512 Rursum
445 1459 637 1512 decliui
678 1460 724 1512 si
762 1460 941 1512 uisum
979 1460 1196 1512 tramite
1234 1476 1452 1530 uergaS‚

95 1533 270 1602 prima
307 1533 408 1586 tibi
446 1536 507 1586 ut
544 1533 670 1586 flexi
708 1533 984 1603 linquatur
1023 1534 1172 1603 spira
1200 1534 1483 1624 draconis²

0 1618 62 1660 50
94 1606 485 1660 infortunatam
527 1607 796 1676 spectabis
837 1606 1252 1676 Cassiepiam.

0 1696 1 1745 ξ
93 1680 185 1733 sed
224 1698 323 1734 nec
362 1681 534 1733 multa
571 1684 778 1750 tamen,
818 1699 939 1734 cum
980 1682 1188 1734 caelum
1225 1681 1427 1734 lumine
1467 1683 1584 1734 toto

92 1755 224 1808 luna
262 1754 458 1824 replet,
497 1757 728 1807 taetram
766 1758 828 1807 ut
866 1758 1084 1823 superet
1121 1755 1211 1807 fax
1251 1773 1413 1808 aurea
1449 1758 1686 1823 noctem,

94 1832 337 1882 occurret
375 1829 620 1899 genetrix
660 1829 829 1881 oculis
871 1829 1269 1897 quaerentibus
1348 1828 1528 1881 adstat

8 1933 13 1939 ·
93 1902 269 1955 lurida
307 1903 591 1971 maerenti3
631 1903 809 1955 tenuis
849 1903 1006 1954 rubet
1044 1902 1186 1972 ignis
1228 1905 1281 1954 et
1321 1919 1480 1971 aegre

0 1986 61 2030 ³65
94 1977 186 2029 lux
225 1976 388 2029 hebes
430 1980 511 2029 est
549 1977 734 2045 matri,
772 1976 863 2028 uix
904 1976 1116 2045 qualem
1158 1974 1315 2029 Caria
1355 1976 1626 2045 quondam

37 955 62 995 q

210 2214 294 2254 433
335 2210 538 2255 mediam
572 2171 762 2255 Gl'rotius
793 2210 948 2253 media
990 2208 1074 2252 VA
1227 2214 1313 2254 437
1346 2222 1629 2265 cornumque
1668 2208 1786 2254 VAe

90 2281 324 2371 33¹³qu
361 2283 410 2372 ²22
428 2268 848 2373 {4515222325555
872 2272 1279 2372 ἔῂέῗῗΕΰςὸῗνΑ
1371 2267 1786 2372 ⁴320f12¹23¹3550¹2

89 2402 272 2446 tantum
306 2404 390 2458 (tm
414 2402 476 2457 A)
510 2402 596 2445 VA
687 2416 730 2446 u.
765 2405 854 2445 447
876 2402 950 2445 hic
974 2401 1114 2458 posui
1145 2400 1201 2454 cf.
1228 2399 1416 2445 Hermes
1443 2401 1596 2444 XIII
1621 2415 1667 2456 p.
1693 2404 1784 2445 364

89 2474 135 2504 n.
168 2464 227 2506 47
347 2465 432 2505 447
472 2460 688 2505 mominis
718 2461 885 2516 scripsi
914 2459 1112 2504 nominis
1153 2459 1197 2502 V
1222 2459 1424 2503 numinis
1455 2461 1499 2503 A
1532 2462 1547 2515 ΙΙ
1578 2460 1725 2503 hilum
1756 2474 1784 2505 v

89 2519 224 2563 illum
254 2519 369 2565 VAe
468 2524 554 2564 445
588 2523 637 2564 at
668 2534 689 2563 e
721 2519 780 2563 ad
818 2518 900 2562 VA
925 2521 940 2575 u
963 2519 1144 2562 tantum
1188 2517 1272 2561 VA
1304 2519 1460 2562 tamen
1492 2533 1513 2562 e
1614 2533 1661 2563 u.
1692 2522 1784 2563 448

91 2579 360 2623 inscribitur
379 2578 689 2623 CASSIEPIA
712 2577 748 2621 V
775 2578 931 2634 casiop
936 2591 992 2621 ea
1015 2577 1060 2620 A
1122 2581 1209 2620 450
1226 2575 1565 2621 Infortunatam
1584 2592 1604 2620 e
1629 2577 1783 2633 inpor-

90 2638 304 2681 tunatam
338 2638 381 2681 V
399 2638 765 2694 importunatam
789 2636 835 2680 A
858 2638 873 2692 ΙΙ
898 2635 1181 2691 Cassiepiam
1213 2634 1257 2678 V
1275 2634 1569 2692 Cassiopeam
1587 2635 1633 2678 A
1694 2640 1780 2680 452

90 2697 288 2740 taetram
313 2698 514 2753 (tetram)
545 2697 587 2739 V
607 2698 777 2741 terram
795 2696 840 2738 A
925 2700 1009 2739 453
1038 2694 1181 2739 oculis
1199 2695 1243 2737 A
1269 2694 1412 2738 ocolis
1438 2696 1492 2750 (5³)
1528 2694 1569 2738 V
1588 2696 1604 2751 ΙΙ
1627 2695 1783 2739 adstat

91 2754 330 2810 Hauptius
376 2756 432 2810 cf.
474 2756 663 2800 Hermes
708 2754 811 2798 VII
850 2767 899 2810 p.
943 2758 1000 2798 13
1049 2752 1219 2796 adsunt
1266 2752 1350 2796 VA
1502 2758 1588 2797 454
1629 2753 1782 2798 lurida

93 2812 335 2858 Schraderi
387 2815 732 2859 commentarius
778 2814 928 2857 Berol.
980 2813 1222 2867 Hauptius
1276 2812 1332 2866 ef.
1387 2812 1575 2856 Hermes
1634 2814 1780 2858 eodem

93 2885 218 2928 quem
249 2874 379 2918 modo
410 2874 623 2918 indicaui
656 2874 749 2917 Ioco
781 2877 820 2917 et
854 2871 956 2917 XV
975 2886 1023 2930 10·
1057 2875 1149 2916 183
1181 2884 1225 2915 η.
1260 2874 1317 2915 54
1348 2870 1504 2914 lucida
1540 2871 1623 2916 VA

1364 2945 1423 2988 2*
