1986 3060
447 117 528 162 DE
551 116 823 162 PHAEDRJ
844 116 992 163 VITA
1014 116 1095 162 ΕΤ
1117 115 1395 163 SCRIPTIS.
1613 126 1724 165 XIII

118 238 177 299 6,
204 238 238 292 9
273 256 388 292 nam
413 246 464 291 et
488 240 575 291 ubi
613 241 894 291 tricandum
920 247 970 290 et
994 240 1083 291 ubi
1108 240 1411 291 currendum
1438 243 1504 290 sit
1529 243 1631 291 scio
1655 269 1724 280 ——

117 311 206 362 ubi
240 313 306 362 sit
327 311 624 362 tardandum
650 317 700 361 et
722 312 855 362 ultro
894 311 1199 361 currendum
1224 313 1343 361 scio.
1422 309 1479 368 7,
1506 307 1577 361 25
1614 325 1722 375 age,

103 381 257 434 ,abire
291 383 434 447 siquo
469 387 546 431 est
579 383 774 431 animus
807 381 863 430 L.
890 381 955 430 M.
991 409 1062 417 -
1097 396 1186 445 age
1223 383 1266 431 si
1300 396 1398 446 quo
1434 380 1574 430 abire
1605 396 1650 430 e.
1678 397 1723 430 a.

118 448 209 509 10,
244 448 315 501 49
350 453 584 502 rimasset
614 479 685 488 —
726 451 963 502 limasset.
1036 451 1107 501 ib.
1134 448 1202 501 51
1243 453 1437 502 animus
1473 450 1530 500 L.
1556 450 1621 500 M.
1656 479 1725 487 —-

116 523 268 571 auriS.
322 520 404 580 11,
430 519 464 572 3
498 520 700 572 roboris
723 550 794 558 —-
820 524 1060 587 corporiS.
1114 519 1196 579 13,
1227 518 1255 570 1
1285 522 1511 571 fecerant
1534 535 1746 587 quercu.

113 620 184 628 —-
207 606 396 658 quercu
427 593 669 642 fecerant.
730 591 802 641 ib.
832 590 897 642 13
933 592 1020 641 tali
1045 593 1124 641 ius
1150 591 1268 642 tulit
1302 593 1549 641 sententia
1573 590 1630 640 L.
1658 591 1723 640 M.

112 689 185 700 ——
207 661 358 713 talem
391 662 603 728 protulit
641 664 952 712 sententiam.
1016 658 1105 718 15,
1137 660 1164 710 1
1202 661 1388 726 palanti
1413 689 1484 699 —-
1519 660 1723 711 balanti.

116 729 206 790 18,
232 729 267 782 3
310 732 485 782 avibus
518 761 589 768 —
622 731 847 782 auribus.
924 729 1014 789 19,
1050 727 1085 781 5
1122 734 1314 781 circum
1347 733 1486 781 eunti
1522 760 1592 767 —
1626 734 1723 781 cir-

113 803 334 852 cueunti.
406 802 522 868 epil.
558 799 593 851 2
639 817 748 852 esse
783 802 955 851 videar
988 817 1052 851 ne
1087 801 1182 852 tibi
1216 830 1286 838 —
1319 817 1397 867 pr.
1434 817 1479 851 e.
1515 817 1565 851 n.
1602 807 1640 852 t.
1676 817 1723 851 V.

113 871 184 922 ib.
213 869 278 922 18
305 872 518 922 benficio
542 872 599 922 L.
625 872 690 922 M.
715 901 786 909 ——
811 871 1072 922 beneficio.

216 942 280 992 IV
283 980 295 992 .
345 942 472 1008 prol.
498 941 535 991 4
566 943 681 993 talis
706 945 856 992 etiam
880 943 1015 992 tituli
1042 948 1119 992 est
1144 948 1382 1008 appetens
1407 971 1477 978 —
1510 948 1548 991 t.
1578 949 1654 992 est
1679 958 1723 992 e.

111 1018 149 1062 t.
177 1028 221 1062 a.
279 1012 351 1062 ib.
375 1009 411 1063 5
447 1028 545 1079 quo
582 1028 682 1062 non
716 1019 861 1079 pacto
894 1012 1153 1077 indagabit
1188 1014 1245 1063 L.
1271 1013 1335 1062 M.
1362 1041 1432 1048 —
1457 1028 1555 1078 quo
1581 1019 1725 1078 pacto

112 1082 488 1133 demonstrabit.
530 1083 601 1132 ib.
626 1080 692 1132 12
718 1085 833 1149 quia
857 1099 1040 1149 paucas
1065 1084 1147 1133 ille
1175 1083 1409 1140 ostendit,
1439 1097 1529 1147 ego
1556 1083 1725 1148 plures

111 1153 220 1203 fero
244 1182 314 1190 —
338 1167 388 1218 p.
417 1169 462 1202 o.
489 1155 542 1211 i.‚
570 1169 614 1203 e.
642 1154 812 1218 plures
837 1154 1045 1204 dissero.
1094 1151 1144 1210 2,
1169 1151 1196 1202 1
1227 1154 1444 1203 ioculare
1470 1152 1565 1202 tihi
1590 1153 1725 1202 vide-

113 1229 198 1273 tur
247 1250 319 1260 —-
366 1223 577 1273 ioculari
626 1223 722 1273 tibi
768 1224 1011 1274 videmur.
1084 1223 1155 1272 ib.
1195 1220 1262 1274 15
1307 1224 1431 1272 alter
1475 1223 1722 1280 similiter,

111 1293 292 1343 deinde
326 1295 460 1358 perit
494 1299 544 1342 et
579 1295 759 1343 tertius
792 1322 863 1331 —-
887 1310 932 1344 a.
960 1310 999 1343 S.
1026 1295 1204 1359 periit,
1245 1291 1423 1342 deinde
1451 1299 1503 1342 et
1526 1295 1723 1343 tertius.

110 1360 160 1420 4,
186 1360 221 1414 5
244 1363 379 1413 redit
401 1391 472 1399 -
495 1363 662 1413 rediit.
706 1361 756 1421 5,
784 1361 852 1414 38
887 1364 1151 1428 villamque
1175 1392 1245 1399 —
1269 1365 1410 1413 vites.
1458 1360 1517 1420 6,
1544 1360 1579 1412 2
1604 1379 1726 1429 quo·

111 1449 224 1483 rum
259 1439 310 1483 et
331 1460 405 1471 --
428 1435 589 1483 cuiuS.
650 1431 707 1491 7,
738 1431 807 1484 10
838 1436 979 1499 ponti
1005 1435 1069 1483 cf.
1100 1434 1148 1483 d.
1175 1448 1218 1483 r.
1241 1448 1307 1483 m.
1335 1430 1439 1483 378
1464 1461 1535 1471 —-
1560 1433 1721 1483 Ponti.

113 1500 160 1561 8,
186 1500 224 1552 4
248 1503 362 1553 cibo
381 1531 445 1539 -—
467 1503 586 1553 cibi.
641 1501 723 1561 11,
743 1501 776 1554 3
803 1506 889 1570 qui
915 1504 1178 1568 sacrilegio
1205 1510 1413 1553 onustus
1431 1532 1501 1539 —
1521 1509 1726 1553 onustus

79 1615 84 1619 .
111 1575 199 1640 qui
224 1574 503 1638 sacrilegio.
557 1572 621 1623 17
651 1580 804 1624 totam
825 1590 982 1640 aeque
1002 1604 1071 1610 —
1090 1580 1245 1624 totam
1273 1576 1405 1639 quia.
1460 1571 1541 1630 18,
1559 1570 1593 1623 5
1621 1589 1724 1623 ma-

110 1645 242 1693 xime
261 1643 318 1695 L.
341 1644 403 1693 M.
425 1671 498 1683 —-—
520 1645 801 1695 maximam.
848 1645 918 1694 ib.
946 1642 1012 1694 19
1040 1662 1109 1702 a.,
1134 1645 1222 1694 sed
1239 1645 1408 1699 multo,
1439 1644 1638 1708 replent
1656 1673 1726 1679 —

115 1729 160 1764 a.
188 1713 360 1764 sedulo
384 1729 428 1764 r.
454 1713 526 1764 ib.
551 1730 597 1764 v,
616 1712 702 1765 35.
728 1712 797 1764 36
824 1716 1006 1765 seclusi
1033 1717 1236 1780 antiqua
1259 1715 1474 1765 lectione
1499 1715 1723 1764 reducta.

111 1780 205 1841 20,
243 1782 277 1834 3
314 1786 539 1835 intimam
574 1811 646 1821 —-
681 1785 771 1835 ult.
843 1782 935 1843 22,
973 1784 1009 1835 4
1047 1787 1237 1834 circum
1269 1787 1346 1834 ire
1384 1811 1454 1821 —-
1490 1786 1724 1834 circuire.

111 1854 183 1903 ib.
210 1850 243 1903 8
276 1859 333 1903 ut
358 1855 497 1903 aiunt
531 1860 676 1904 natus
712 1883 782 1891 —-
817 1863 962 1905 natus
996 1862 1054 1904 ut
1092 1858 1243 1905 aiunt.
1312 1854 1383 1904 ib.
1413 1855 1499 1905 Cia
1535 1883 1604 1906 .—
1631 1855 1727 1905 Cea

110 1920 184 1973 24
206 1926 319 1974 init.
348 1925 413 1973 cf.
441 1924 519 1974 ed.
553 1924 637 1974 Or.
688 1924 759 1974 ib.
790 1923 1013 1974 11-17
1050 1927 1118 1974 ita
1157 1925 1385 1974 ordinavi
1414 1922 1496 1973 11.
1528 1922 1610 1974 15.
1641 1921 1723 1973 12.

115 1992 199 2044 17.
239 1991 323 2044 16.
362 1992 444 2044 13.
483 1991 566 2043 14.
604 2000 653 2043 et
686 2010 730 2043 v,
774 1992 838 2044 17
875 1997 972 2044 iam
1008 2011 1034 2043 a
1070 1995 1295 2045 Bentleio
1330 2010 1427 2059 quo
1463 1994 1726 2059 oportebat

113 2065 220 2114 loco
258 2067 573 2114 constitutus.
637 2063 707 2113 ib.
738 2061 804 2113 12
842 2081 993 2130 quom
1027 2065 1082 2114 L.
1111 2065 1174 2114 M.
1201 2092 1271 2101 —
1295 2080 1410 2129 qu0.
1468 2061 1564 2122 25,
1593 2061 1625 2113 9
1650 2066 1725 2129 pi-

114 2149 268 2198 gnera
287 2135 343 2184 L.
364 2135 428 2184 M.
449 2162 521 2171 —
540 2135 722 2185 sidera.
772 2134 845 2184 ib.
874 2132 941 2183 14
965 2150 1169 2184 censeas
1192 2164 1261 2171 —
1282 2136 1515 2184 sentiant.
1564 2134 1634 2183 ib.
1660 2131 1724 2183 18

115 2204 429 2255 dissimulans
454 2205 509 2254 L.
535 2204 599 2254 M.
626 2230 699 2242 ——·
733 2205 1003 2255 dimissam.

220 2275 274 2332 V,
306 2273 361 2332 1,
392 2272 458 2325 15
491 2277 544 2325 in
579 2282 898 2341 conspectum
935 2291 1099 2325 meum
1123 2304 1192 2311 —
1218 2277 1272 2325 in
1299 2281 1567 2339 conspectu
1596 2290 1723 2324 me0.

114 2342 173 2402 3,
205 2342 269 2393 11
305 2347 448 2395 venia
484 2345 660 2395 donari
684 2374 756 2381 —
782 2347 977 2395 veniam
1005 2348 1051 2395 ei
1078 2346 1204 2396 dari.
1267 2345 1338 2396 ib.
1370 2343 1435 2394 13
1461 2347 1634 2409 quavis
1657 2372 1726 2379 —

115 2417 355 2479 quamvis.
425 2414 463 2464 4
497 2417 649 2465 inscr.
690 2417 858 2466 asinus
894 2422 944 2465 et
980 2417 1228 2482 porcellus
1261 2444 1332 2451 —
1366 2416 1492 2464 asini
1528 2421 1575 2463 et
1611 2430 1725 2479 por-

117 2485 244 2534 celli.
289 2481 323 2535 5
342 2487 495 2535 inscr.
517 2500 689 2536 scurra
710 2492 759 2535 et
777 2488 1262 2536 rusticus—scurra
1287 2486 1522 2535 rusticus.
1567 2484 1636 2534 ib.
1657 2481 1726 2533 26

118 2561 169 2604 et
203 2555 420 2604 derisuri
454 2571 555 2605 non
600 2559 872 2621 spectaturi
908 2557 1082 2606 sedent
1121 2584 1191 2591 —
1235 2562 1286 2604 et
1331 2555 1590 2604 derisurus
1627 2570 1727 2603 non

118 2631 430 2689 spectaturus
457 2626 585 2675 silet.
638 2624 670 2675 6
696 2628 846 2676 inscr.
875 2627 986 2676 add.
1017 2642 1189 2690 aeque.
1247 2623 1305 2682 7,
1339 2622 1418 2674 13.
1449 2622 1517 2673 14
1540 2625 1590 2674 id
1616 2625 1648 2673 l.
1677 2639 1723 2688 g.

119 2694 403 2745 desiderare
418 2695 550 2745 L.M.
568 2723 635 2733 —-
658 2702 707 2745 et
723 2697 836 2760 l.g.,
857 2696 1146 2746 desiderari.
1192 2693 1254 2743 17
1263 2732 1273 2742 .
1293 2691 1357 2744 18
1379 2700 1433 2744 ut
1453 2694 1727 2759 incipiebat

119 2765 313 2828 ingredi
337 2765 601 2831 PrincepS,
640 2782 754 2815 eum
789 2767 989 2817 adducit
1014 2768 1177 2831 pretio
1201 2793 1273 2801 —
1307 2771 1357 2814 et
1390 2766 1424 2814 i.
1454 2765 1507 2814 P.
1537 2780 1563 2814 a
1602 2765 1723 2813 duce

120 2835 332 2899 ingredi.
384 2835 662 2886 Reductum
685 2838 890 2903 pressit.
944 2833 993 2893 8,
1016 2834 1049 2884 2
1076 2835 1206 2885 nudo
1233 2837 1465 2901 occipitio
1492 2835 1549 2884 L.
1571 2834 1634 2884 M.
1656 2860 1724 2870 —
