1940 3072
722 127 1118 228 vV1114226---4se
1158 132 1189 172 .·
1671 163 1744 216 45

137 254 141 256 -
164 348 166 350 ,
244 262 396 353 Quas
416 264 576 359 super
599 289 854 358 accipiter
875 289 1112 343 uolitans
1142 288 1324 360 grauis
1348 288 1594 343 imminet
1616 288 1741 342 ales·

245 359 397 419 Tunc
421 357 610 414 sollers
634 377 807 430 augur
831 364 1007 413 cretus
1031 360 1096 412 de
1118 362 1281 430 gente
1305 358 1562 429 Melampi
1633 415 1636 417 ,

54 397 72 436 ³³
139 427 227 482 ’460
250 429 420 492 Quem
442 430 556 484 fors
581 429 649 483 ad
673 429 909 499 Cyprum
934 429 1150 483 deden-³³¹⁵
1172 448 1270 499 Pffl'
1293 429 1432 490 fessa
1449 427 1685 498 ‘dierum’

245 499 320 553 Et
342 500 419 553 sic
445 518 597 554 orsus
621 501 698 553 ait
718 518 1075 569 prorumpens
1099 518 1231 553 uoce
1255 501 1460 570 sagaci:

247 570 351 637 ‘Te
377 570 616 624 oblatiua
638 573 831 638 petunt
853 571 1035 623 auium
1058 589 1317 640 responsa
1339 570 1648 623 uolantum:

249 639 553 694 Conubium
579 641 847 709 spendent
869 641 1214 710 praefulgens
1239 658 1330 693 ore
1356 641 1548 693 decoro

213 745 216 747 v
244 709 444 763 Idaliae
467 711 714 764 uolucres
726 753 740 779 ,
770 711 834 764 de
858 714 1018 781 gente
1043 711 1304 764 Tonantis
1331 711 1506 764 olores

59 815 75 835 ,-
135 790 226 832 465
244 780 576 835 Promittant
598 782 860 852 genitam,
887 781 980 834 sed
1003 781 1200 834 miluus
1225 781 1444 834 horrida
1465 781 1593 833 fata.

163 863 177 869 '
244 850 388 904 Ditis
414 851 557 904 enim
583 852 826 921 signatur
849 852 988 919 auiS,
1014 852 1142 904 licet
1164 851 1299 904 hora
1322 854 1539 920 peracta

247 921 431 974 Tertia
455 922 653 990 quippe
678 922 821 974 sinat
844 922 1064 975 Phoebo
1091 921 1351 975 candente
1375 921 1650 974 uolucrem

246 990 392 1045 Uera
414 1010 512 1061 per
535 993 854 1045 immensum
878 993 1157 1062 praesagia
1178 993 1318 1044 ferre
1343 1009 1606 1060 rapacem.

172 1092 177 1094 >
199 1110 203 1113 μ
244 1061 472 1115 Martius
497 1062 750 1131 accipiter
775 1062 955 1115 dotem
978 1062 1094 1115 fera
1115 1063 1258 1114 bella
1282 1063 1568 1114 minatur’.

53 1185 56 1186 γ
138 1141 226 1182 470
246 1132 399 1187 Tunc
422 1132 574 1185 Paris
600 1133 667 1185 ad
687 1133 892 1185 caelum
916 1133 1140 1185 tendens
1167 1150 1287 1186 cum
1313 1132 1515 1184 lumine
1539 1132 1744 1200 palmas

245 1201 299 1255 N
300 1203 485 1254 umina
508 1220 706 1273 magna
724 1206 884 1256 uocat
946 1221 1132 1255 uerum
1151 1206 1482 1271 matremque
1502 1199 1744 1255 Dionen:

249 1274 458 1326 ‘Aurea
482 1273 673 1325 siderei
697 1273 875 1341 proles
955 1292 1086 1326 enus
1110 1273 1253 1326 alma
1277 1272 1539 1326 Tonantis

250 1342 491 1396 Numina
514 1343 661 1396 mille
686 1347 901 1412 tenens,
928 1347 1069 1396 artes
1093 1344 1178 1396 cui
1203 1343 1350 1396 mille
1374 1342 1594 1396 fauendi

249 1413 360 1465 Dat
383 1417 534 1482 pater
559 1417 613 1466 et
635 1416 795 1466 natus
820 1414 1034 1482 supplet
1059 1414 1242 1482 simul,
1270 1413 1452 1466 omina
1475 1413 1631 1466 firma

136 1491 223 1533 475
245 1481 392 1545 Quae
418 1501 614 1551 cycnus
640 1484 898 1554 genitoris
925 1484 1060 1554 agit,
1088 1502 1222 1552 quae
1248 1486 1427 1536 uestra
1451 1483 1700 1536 columba
1752 1497 1803 1538 [p.
1824 1494 1883 1534 5⁷]

247 1551 506 1606 Prodidit.
558 1554 823 1607 infaustos
850 1556 983 1623 opus
1013 1558 1094 1607 est
1118 1554 1367 1607 cohibere
1391 1553 1629 1621 uolatuS,

247 1623 437 1676 Martis
463 1628 518 1689 et
541 1624 740 1676 inferni
766 1625 1011 1677 uolucres
1037 1625 1269 1693 raptoris
1295 1625 1531 1677 obuncas

246 1696 439 1763 Augur
463 1712 782 1747 auerrunces
807 1696 995 1763 sacriS,
1023 1696 1214 1763 quibus
1239 1695 1468 1763 imperat
1493 1697 1680 1747 auctor

249 1763 442 1816 Troius
466 1764 557 1817 ille
582 1783 716 1833 puer
741 1765 1074 1834 Ganymedes
1101 1766 1346 1818 conditor
1371 1765 1501 1817 artis

140 1843 227 1883 480
246 1833 322 1886 Et
342 1833 522 1886 Polles
549 1835 634 1887 cui
657 1836 827 1903 pinna
850 1836 1047 1904 loquax
1073 1836 1163 1887 dat
1186 1853 1342 1888 nosse
1368 1835 1589 1887 futura.'

249 1904 427 1956 Pauca
450 1908 694 1972 precatus
721 1908 836 1957 erat
859 1906 1083 1974 supplex
1108 1909 1163 1957 et
1186 1905 1387 1973 templa
1411 1905 1626 1957 subibat

252 1973 508 2027 Uestibus
534 1975 751 2027 indutus
776 1975 951 2043 Tyriis
979 1979 1032 2027 et
1056 1977 1255 2027 murice
1281 1975 1450 2045 regni.

251 2043 548 2098 Uersicolor
566 2046 805 2114 chlamys
832 2046 950 2114 ipsa
969 2046 1072 2098 fuit
1090 2064 1250 2113 quam
1277 2063 1515 2114 purpura
1533 2044 1748 2115 fulgens

251 2113 586 2167 Flammabat
611 2116 800 2168 diffusa
826 2116 1086 2183 humeriS‚
1114 2116 1253 2168 hane
1277 2115 1443 2168 fibula
1468 2115 1689 2167 mordax

146 2193 232 2234 485
250 2184 438 2254 Iungit
462 2190 515 2237 et
540 2189 760 2238 ornatus
785 2186 968 2238 iuueni
992 2186 1113 2254 plus
1139 2186 1389 2238 admouet
1413 2204 1603 2238 aurum

254 2254 371 2314 Quo
399 2254 652 2308 distincta
675 2257 838 2308 micat
861 2257 1076 2308 radians
1105 2274 1201 2324 per
1226 2256 1456 2308 stamina
1481 2255 1660 2308 uestis,

255 2323 446 2377 Cetera
469 2326 628 2378 turba
652 2343 828 2379 comes
851 2326 1091 2395 Phrygio
1117 2327 1387 2379 succincta
1411 2325 1598 2378 decore

252 2393 533 2464 Fulgebat.
585 2395 805 2448 delubra
830 2400 1017 2464 petens
1042 2396 1268 2448 intrauit
1292 2396 1358 2448 ad
1383 2414 1501 2448 aras

254 2463 445 2517 Pastor
469 2468 523 2518 et
547 2466 604 2517 in
630 2484 742 2518 sese
769 2470 1082 2518 cunctorum
1108 2467 1314 2520 lumina
1338 2466 1526 2518 uertit:

255 2678 339 2717 460
367 2680 457 2718 sine
488 2678 613 2718 dubio
635 2679 810 2718 Paridis
839 2681 1083 2719 mentionem
1114 2681 1186 2731 qui
1209 2680 1379 2729 fecerat
1407 2690 1555 2719 uersus
1585 2678 1749 2717 excidit

143 2733 229 2773 463
261 2732 545 2774 Connubium
646 2737 723 2774 471
757 2735 950 2774 Dionem
1044 2736 1128 2775 474
1159 2735 1310 2775 omnia
1341 2748 1454 2775 corr.
1486 2733 1574 2773 JM
1662 2733 1748 2774 476

146 2788 355 2828 Prod-dit
391 2803 503 2832 corr.
534 2789 692 2830 Bueelt.
732 2805 782 2830 m.
814 2791 877 2830 νὴ.
1008 2791 1090 2831 478
1130 2789 1284 2842 Augur
1323 2790 1593 2830 aberrantes
1632 2802 1746 2829 corr.

146 2841 308 2887 Buech.
429 2847 512 2886 479
552 2846 811 2897 ganimedes
933 2847 1016 2887 483
1053 2847 1196 2886 Persa
1236 2845 1395 2885 clamis
1434 2859 1548 2886 corr.
1586 2844 1747 2886 Bueclz.

150 2912 202 2939 m.
231 2900 296 2940 rh.
391 2903 474 2942 485
506 2901 717 2942 admonet
750 2900 881 2943 aurifi
911 2915 1025 2943 corr.
1058 2903 1146 2942 [Μ
1241 2903 1323 2943 486
1356 2901 1487 2951 Quod
1517 2915 1629 2942 corr.
1662 2901 1753 2941 IM
