1940 3072
230 139 297 192 12
485 154 503 163 -
790 131 1262 182 coNTRouERsIA

1790 108 1940 196 {3232

1707 245 1720 251 ,
1790 180 1940 259 {333}

335 265 515 317 Turba
540 265 889 332 superborum
914 263 1113 315 sineret
1137 261 1182 314 si
1205 262 1363 313 turba
1388 259 1644 313 clientum
1652 278 1704 326 ‚fi
1727 286 1732 289 ,
1865 251 1940 304 ἶ

336 334 439 396 Qui
465 334 687 403 dignum
713 333 911 385 seruire
935 335 1132 401 putans
1157 331 1409 401 indignus
1433 330 1683 383 habetur>
1729 359 1732 362 ·
1890 338 1940 411 J

335 404 439 457 Uel
464 403 736 456 fastiditur
760 404 1000 471 supplex.
1046 402 1294 454 inimicus
1320 404 1374 453 et
1397 400 1567 453 hostis

335 474 535 526 Diuitis
561 474 805 542 arguitur
829 491 1032 541 pauper
1057 472 1148 540 qui
1173 474 1302 524 uota
1325 471 1534 524 clientis
1931 529 1940 540 ξ

254 555 308 594 60
333 546 512 596 Ausus
535 545 732 595 habere
757 544 918 595 miser
942 560 1041 594 nee
1065 543 1197 594 haec
1221 545 1403 594 tamen
1426 541 1541 609 ipse
1573 542 1807 592 meretur
1818 548 1861 608 ‚j

336 613 438 666 Sed
462 614 663 682 probus
682 613 944 666 horretur.
985 612 1228 664 domibus
1250 612 1422 681 magis
1441 611 1532 663 ille
1550 613 1833 679 potentum
1934 614 1940 635 ”·

334 684 496 735 Liber
519 684 719 735 amicus
746 684 846 735 erit
863 682 1113 751 ‘quisquis
1138 682 1257 734 uult
1281 700 1394 734 esse
1420 681 1657 748 satelles,

337 753 452 815 Quo
486 757 766 822 praesente
799 753 950 805 nefas
986 753 1336 805 committitur
1369 755 1527 819 atque
1561 751 1795 817 siletur,'

336 827 449 876 Aut
473 824 643 876 scelus
668 824 772 876 hoc
797 825 841 875 si
866 823 1006 875 forte
1034 825 1190 875 sonet
1213 826 1395 874 tamen
1419 821 1511 874 ille
1535 821 1757 890 negabit
1906 890 1910 891 ⁷

255 904 307 944 65
335 893 537 962 Sponte
571 897 759 962 petens
793 896 1063 946 tormenta
1106 911 1285 945 cruces
1327 910 1423 960 per
1456 892 1694 944 membra
1725 908 1831 960 per
1851 898 1869 953 μ’
1926 952 1929 954 ,

1404 964 1551 1014 artus
1867 963 1883 968 '
1929 961 1940 967 “

337 1032 624 1086 Carnifices
650 1033 887 1085 flammas
913 1034 1131 1101 proprio
1158 1034 1350 1085 satiare
1376 1050 1587 1100 cruore,

337 1103 578 1155 Tortoris
604 1102 819 1155 laudare
845 1121 1089 1170 manum,
1115 1121 1213 1171 pro
1241 1103 1403 1154 diuite
1429 1120 1627 1170 poenas

338 1171 394 1225 Si
420 1174 645 1242 patitur,
673 1174 718 1224 si
743 1173 921 1225 uincla
946 1190 1136 1242 gerens
1162 1173 1429 1242 ergastula
1459 1172 1683 1240 perfert,

339 1243 405 1295 Se
431 1245 645 1311 reputet
670 1243 929 1295 cruciasse
957 1243 1090 1295 alios
1116 1246 1176 1295 ut
1202 1243 1425 1294 crimina
1449 1243 1649 1310 celent,

256 1323 310 1362 70
347 1313 416 1367 Ut
438 1314 561 1365 talis
589 1313 736 1364 diues
763 1313 936 1381 qualis
962 1310 1235 1365 mendicus
1262 1314 1428 1365 amari

336 1383 515 1435 Possit
540 1386 593 1435 et
617 1383 806 1434 infelix
832 1383 898 1435 ad
924 1384 1147 1435 crimina
1173 1384 1414 1435 conscius
1442 1401 1569 1450 esse,

336 1452 415 1505 Ut
437 1456 659 1504 teneant
682 1453 862 1504 fauces
890 1454 1127 1505 obsessas
1153 1456 1310 1505 nocte
1334 1453 1594 1521 latrones,

336 1523 450 1574 Aut
474 1523 652 1592 pelagi
677 1523 889 1575 rabidos
915 1523 1105 1575 fluctus
1130 1524 1304 1592 pirata
1328 1526 1555 1591 uagetur

337 1592 451 1645 Nec
476 1593 665 1645 timeat
689 1594 892 1644 ualidas
919 1594 1016 1645 sub
1042 1596 1357 1661 tempestate
1383 1594 1642 1661 procellas

257 1673 309 1712 75
335 1662 540 1714 Praedo
553 1704 567 1729 ,
605 1664 755 1715 iuuet
778 1664 1025 1731 petulans
1051 1667 1111 1715 ut
1134 1664 1432 1715 luxurietur
1457 1663 1664 1716 adulter

337 1732 410 1784 Et
432 1736 625 1784 tractet
650 1733 713 1785 de
740 1733 885 1785 clade
912 1734 1014 1784 uiri
1042 1734 1105 1785 de
1131 1737 1304 1786 morte
1329 1734 1533 1785 mariti:

338 1802 546 1854 Ultima
570 1821 701 1854 cena
726 1803 881 1855 datur
906 1821 1065 1871 quam
1091 1807 1327 1872 praestat
1350 1804 1591 1855 adultera
1617 1804 1812 1856 coniux

337 1872 539 1924 Pocula
562 1873 839 1926 mortifero
869 1892 1211 1942 corrumpens
1236 1874 1432 1926 blanda
1455 1892 1683 1942 ueneno,

9 1961 11 1965 ’
339 1942 474 1995 Cum
500 1943 697 2011 gaudet
722 1945 976 2011 conuiua,
1003 1945 1157 2011 perit.
1210 1962 1328 2012 spes
1358 1944 1581 1996 crimina
1606 1944 1751 1996 ducit

0 2023 308 2081 &ww
333 2011 422 2064 Fit
445 2013 654 2065 facinus
681 2032 799 2066 cum
826 2015 974 2066 lucra
997 2017 1214 2082 petunt,
1246 2015 1463 2081 impune
1489 2014 1656 2066 libido

74 2096 127 2134 [p.
151 2093 208 2131 13]
339 2082 484 2134 Dum
508 2101 729 2151 peccare
756 2084 902 2152 cupit
927 2084 1123 2135 uindex
1148 2084 1459 2136 subducitur
1484 2085 1675 2148 omme,

338 2151 509 2213 Quem
533 2155 749 2220 perimit
775 2155 871 2206 sub
898 2154 1083 2205 fraude
1109 2172 1244 2206 reus,
1297 2154 1592 2222 cuicunque
1617 2154 1788 2206 furori

335 2221 435 2274 Est
460 2240 651 2289 operae
676 2225 934 2291 pretium,
963 2227 1179 2291 sperant
1203 2243 1298 2275 sua
1323 2225 1558 2292 praemia
1583 2224 1784 2291 culpae.

339 2291 614 2344 Conicitur
639 2294 935 2361 cuicunque
963 2295 1104 2346 bono
1133 2294 1275 2362 quod
1302 2293 1513 2346 Cassius
1530 2294 1716 2361 ‘inquit

1835 748 1940 779 ,ι’

345 2422 398 2460 56
430 2419 604 2473 Turba]
647 2425 777 2461 tanta
808 2424 994 2462 conicias
1023 2425 1090 2463 uel
1134 2427 1264 2462 torua
1302 2425 1370 2462 uel
1404 2424 1534 2462 simile
1565 2423 1666 2475 quid
1777 2424 1830 2463 57

233 2476 354 2526 Quid
378 2477 562 2528 dignum
583 2491 697 2520 corr,
715 2477 873 2519 Bzcecle.
954 2479 1007 2518 58
1027 2479 1272 2519 fastidiens
1289 2491 1403 2520 corr.
1422 2478 1581 2521 Bueeh.
1662 2479 1715 2518 60
1746 2491 1830 2518 nec

233 2537 385 2571 tamen
425 2546 537 2576 corr.
557 2534 713 2573 Bneclz.
831 2537 881 2573 61
924 2535 1019 2574 Nec
1051 2538 1203 2575 tamen
1242 2536 1342 2586 ipse
1375 2538 1568 2574 meretur
1597 2540 1695 2574 ante
1724 2534 1832 2574 Ιιιιηο

232 2600 394 2627 uersum
418 2591 602 2638 repetita
626 2590 744 2630 uides
768 2596 988 2643 notamque
1014 2593 1283 2642 corruptelae
1306 2592 1546 2641 praefixam
1647 2591 1699 2630 63
1730 2603 1830 2641 pre·

235 2689 365 2723 sente
394 2685 399 2735 Ι
435 2641 611 2750 negt-las
754 2689 807 2727 64
843 2689 1034 2740 negauit
1065 2702 1178 2730 corr.
1208 2688 1365 2727 Bneeh.
1508 2688 1561 2726 68
1594 2686 1831 2740 ergastula

233 2758 386 2805 portet
418 2768 528 2796 corr.
555 2756 711 2796 Bacch.
818 2758 870 2796 69
903 2757 1022 2797 celet
1053 2771 1163 2798 corr.
1196 2757 1353 2797 Bacch.
1458 2758 1510 2797 70
1539 2759 1718 2808 spatium
1748 2770 1831 2796 nrm

231 2810 418 2849 relictum
519 2814 567 2852 71
604 2812 766 2851 Posset
792 2810 798 2863 Ι
826 2826 926 2852 esso
1033 2815 1085 2853 72
1118 2814 1306 2853 obsessa
1412 2815 1464 2854 75
1494 2812 1672 2852 Praeda
1702 2813 1832 2852 uiuet

233 2866 284 2904 77
320 2877 430 2918 cena
546 2869 599 2907 80
630 2867 697 2906 Ad
728 2881 840 2908 corr.
871 2868 1028 2908 Bzceclz.
1146 2870 1199 2909 83
1232 2881 1420 2921 sperans
1452 2881 1563 2909 corr.
1596 2868 1757 2912 Buecla.
