1986 3060
167 122 230 161 VI
501 112 582 157 DE
605 110 876 157 PHAEDRI
895 109 1044 156 VITA
1066 109 1146 154 ΕΤ
1169 108 1446 155 SCRIPTIS.

171 236 417 287 stantibus
449 238 656 300 rogavit.
729 234 866 285 idem
900 239 1064 283 tamon
1097 235 1324 284 insecuto
1359 238 1583 299 tempore
1620 249 1647 284 a
1680 249 1769 283 no·

168 310 364 356 xiorum
399 309 599 356 iniuriis
632 311 765 355 tutus
800 310 850 354 et
883 319 996 353 cum
1028 304 1211 354 nullius
1244 309 1445 368 praeter
1477 304 1659 353 famam
1691 305 1767 353 rei

171 383 303 426 esset
337 377 546 442 cupidus
580 377 699 425 satis
732 375 907 425 beatus
947 373 1144 423 videtur
1175 375 1356 423 vixisse
1391 388 1484 422 nec
1518 375 1618 423 nisi
1652 389 1769 439 pro-

168 452 307 495 vecta
341 452 499 496 aetate
535 445 716 494 obisse.
790 445 980 494 Nomen
1015 445 1068 493 in
1104 445 1398 508 antiquitate
1437 458 1493 492 ac
1527 458 1619 508 per
1653 459 1772 508 pro-

169 518 301 565 xima
345 516 540 566 saeeula
583 515 714 564 haud
748 516 818 564 ita
854 528 1111 578 magnum,
1160 515 1353 563 auctius
1398 513 1541 577 longe
1578 515 1768 563 recenti

168 592 391 650 tempore
427 586 656 650 optinuit.
731 584 1021 650 Aequalium
1055 585 1164 633 eius
1205 588 1260 633 ut
1293 582 1518 633 libertini
1564 585 1772 647 ingenio

170 655 555 705 obtrectantium
587 655 824 704 invidiam
858 655 1126 719 plurimum
1153 655 1289 718 carpi
1316 659 1507 703 constat
1544 652 1605 703 ab
1640 656 1766 718 ipso.

170 725 401 775 Ceterum
436 725 496 774 de
531 727 631 774 vita
667 730 716 774 et
749 724 949 774 casibus
982 725 1089 773 eius
1114 739 1227 773 cum
1253 723 1371 772 alibi
1406 723 1532 772 nihil
1566 725 1632 773 sit
1665 730 1770 773 tra-

170 795 328 845 ditum
363 797 660 860 antiquitus,
696 795 932 860 quicquid
965 795 1181 843 innotuit
1215 795 1374 859 ipsius
1399 793 1633 843 docemur
1660 808 1767 843 car-

167 865 407 915 minibus·

276 936 487 1000 Scripsit
535 941 698 985 autern
745 936 990 1000 Aesopum
1038 940 1238 985 secutus
1284 933 1565 984 fabularum
1612 933 1770 984 libros

169 1007 411 1071 quinque,
458 1022 484 1055 e
519 1006 701 1070 quibus
743 1012 909 1055 tamen
944 1011 1018 1055 sat
1054 1005 1231 1054 multas
1268 1005 1584 1054 intercidisse
1621 1020 1771 1070 appa·

168 1082 248 1124 ret
287 1091 386 1125 non
428 1077 572 1124 modo
609 1076 799 1125 Perotti
839 1077 994 1140 copiis
1030 1077 1117 1140 qui
1152 1075 1317 1124 medio
1356 1074 1550 1124 saeculo
1595 1076 1772 1140 quinto

170 1147 363 1195 decimo
395 1161 513 1195 usus
538 1146 826 1195 membrana
861 1145 1182 1210 locupletiore
1218 1144 1378 1194 XXXI
1411 1150 1637 1209 poemata
1663 1159 1771 1194 ser-

168 1218 298 1265 vavit
338 1231 465 1280 quae
509 1231 609 1265 non
651 1217 973 1280 reperiuntur
1013 1216 1067 1264 in
1111 1214 1368 1264 codicibus
1401 1214 1673 1264 Pithoeano
1719 1220 1770 1264 et

167 1285 402 1335 Remensi
438 1286 524 1335 sed
559 1291 609 1334 et
639 1285 835 1335 Romuli
870 1291 919 1334 et
953 1287 1183 1350 anonymi
1220 1285 1477 1334 cuiusdam
1511 1283 1770 1349 (Nilantia-

168 1371 289 1405 num
328 1355 471 1418 vulgo
516 1354 817 1420 nuncupant)
869 1355 1107 1419 exemplis
1150 1357 1235 1419 qui
1279 1355 1509 1420 apologos
1554 1354 1769 1404 Phaedri

167 1426 431 1491 plerosque
461 1427 514 1473 in
538 1426 819 1489 pedestrem
843 1425 1090 1474 resolvere
1117 1439 1410 1474 sermonem.
1466 1424 1529 1474 Et
1555 1440 1581 1473 e
1606 1426 1771 1490 primo

168 1495 336 1544 libello
380 1495 620 1559 quaedam
662 1497 853 1560 perisse
902 1496 1060 1559 ipsius
1109 1500 1283 1559 poetae
1334 1496 1620 1544 testimonio
1681 1495 1771 1544 ad-

170 1567 406 1621 struitur,
442 1566 625 1630 quippe
658 1567 743 1629 qui
768 1570 939 1614 narret
962 1567 1015 1614 in
1042 1579 1100 1614 eo
1127 1566 1275 1613 etiam
1301 1564 1507 1614 arbores
1533 1579 1642 1614 esse
1668 1564 1770 1614 col-

167 1636 381 1692 locutaS,
421 1636 564 1683 cuius
598 1650 731 1683 nunc
768 1635 969 1700 quidem
1002 1636 1078 1683 rei
1110 1650 1202 1683 nec
1236 1634 1343 1684 vola
1378 1650 1470 1683 nec
1504 1636 1770 1698 vestigium

170 1710 318 1755 extat.
390 1704 653 1754 Praeterea
696 1705 967 1755 secundum
999 1704 1226 1753 volumen
1261 1710 1310 1754 et
1347 1707 1573 1769 quintum
1609 1703 1769 1769 pluri-

168 1790 304 1825 mum
338 1774 466 1824 labis
501 1776 706 1824 traxisse
744 1777 851 1839 ipsa
886 1776 1133 1840 paucitate
1170 1774 1460 1824 fabellarum
1499 1774 1770 1824 indicatur.

169 1844 415 1910 Opuscula
452 1844 638 1894 Perotti
673 1847 809 1894 curis
843 1851 1032 1894 servata
1068 1844 1198 1909 quod
1234 1845 1433 1909 quidam
1460 1851 1765 1908 negaverunt

170 1930 279 1965 esse
303 1914 541 1972 Phaedri,
576 1915 700 1963 mihi
735 1915 936 1980 quidem
970 1930 1068 1964 non
1104 1930 1249 1963 ovum
1275 1930 1364 1963 ovo
1392 1915 1604 1964 similius
1629 1915 1769 1964 vide-

167 1990 250 2034 tur
284 1999 432 2049 quam
463 1984 547 2033 illa
581 1984 789 2049 reliquis
824 1985 883 2033 de
910 1983 1091 2050 quibus
1115 2000 1215 2033 non
1241 1984 1522 2042 dubitatur,
1560 1986 1661 2033 sive
1686 2000 1769 2034 ra-

166 2056 331 2104 tiones
365 2056 636 2103 carminum
665 2056 925 2118 spectariS,
963 2056 1064 2103 sive
1095 2054 1367 2103 dictionum
1392 2060 1769 2120 metrorumque

167 2125 515 2189 proprietates,
601 2124 724 2173 Puto
775 2130 938 2174 autem
985 2124 1241 2173 Perottum
1288 2138 1432 2173 usum
1483 2125 1771 2190 apographo

166 2194 392 2243 mutilato
442 2194 627 2243 codicis
677 2194 929 2259 archetypi
977 2193 1221 2244 librorum
1266 2193 1527 2243 Remensis
1576 2209 1632 2243 ac
1682 2195 1767 2243 Pi·

167 2264 396 2320 thoeani‚
447 2269 551 2313 tum
600 2265 823 2313 confecto
872 2279 983 2313 cum
1031 2270 1163 2314 esset
1208 2265 1404 2327 integer
1450 2264 1551 2313 ille.
1626 2263 1768 2313 Vnde

166 2333 312 2383 facile
339 2333 614 2398 explicatur
641 2334 771 2399 quod
796 2335 1021 2383 traiectis
1047 2340 1233 2383 temere
1267 2333 1460 2391 verbiS‚
1498 2336 1618 2383 vitio
1645 2336 1767 2383 satis

167 2402 433 2467 singulari,
475 2418 622 2468 saepe
658 2410 708 2453 et
742 2405 794 2452 in
829 2403 998 2452 Italico
1035 2409 1084 2453 et
1109 2406 1162 2453 in
1189 2403 1389 2453 Gallicis
1423 2403 1568 2453 libris
1592 2403 1764 2453 turba-

167 2479 287 2522 tum.
362 2473 460 2522 Sed
485 2473 545 2522 de
571 2474 663 2522 hac
687 2488 742 2522 re
769 2473 927 2522 dicam
953 2472 1086 2522 alibi.
1162 2474 1391 2523 Ceterum
1429 2488 1602 2523 eorum
1637 2489 1764 2539 quae

168 2548 377 2592 aetatem
412 2542 571 2592 tulere
607 2543 962 2607 exemplarium
994 2543 1093 2592 fata
1130 2545 1215 2608 qui
1251 2542 1481 2608 pluribus
1514 2543 1644 2592 volet
1680 2558 1765 2592 co-

167 2627 435 2675 gnoscere,
494 2614 715 2662 inveniet
752 2613 881 2677 apud
918 2612 1155 2662 Orellium
1198 2615 1251 2661 in
1296 2613 1511 2661 editione
1548 2612 1761 2662 Phaedri

166 2681 339 2730 Turici
375 2681 568 2745 vulgata
613 2698 656 2731 a.
696 2679 829 2732 1831
876 2689 926 2731 et
960 2683 1169 2746 repetita
1215 2684 1440 2746 proximo
1478 2697 1604 2731 anno
1648 2698 1768 2732 cum

167 2751 457 2815 appendice.

270 2820 326 2869 In
363 2821 637 2885 deligendis
672 2823 1064 2888 adornandisque
1098 2820 1302 2887 fabulis,
1339 2837 1460 2886 quas
1493 2824 1674 2886 partim
1700 2838 1761 2872 ex
