1940 3072
253 90 311 144 lO
603 108 605 110 ’
706 93 974 139 PHAEDRI
1008 91 1378 138 FABVLARVM

247 219 389 269 Nunc
416 219 530 284 quia
557 217 776 274 laboras,
802 222 859 266 ut
882 217 1068 267 fruaris
1091 215 1334 282 reliquiis,

247 288 376 346 Quas
403 295 516 338 sunt
540 289 726 345 rosuri,
753 286 900 336 simul
926 291 976 335 et
999 287 1132 351 ipsos
1158 286 1380 343 devores,

247 358 358 408 Noli
385 360 629 422 imputare
656 371 834 406 vanum
859 355 1126 405 benficium
1150 355 1291 405 mihi.

246 428 403 493 Atque
430 429 498 477 ita
523 427 713 476 locutus
738 425 1001 492 inprobam
1025 424 1125 475 leto
1151 425 1303 475 dedit.

317 497 420 546 Hoc
444 498 497 546 in
523 511 575 546 se
602 496 788 546 dictum
815 495 998 546 debent
1021 495 1095 545 illi
1121 508 1405 559 agnoscere,

246 566 466 624 Quorum
489 566 679 632 privata
703 568 857 616 servit
880 566 1068 615 utilitas
1094 563 1191 614 sibi

248 636 307 686 Et
331 637 565 686 meritum
590 637 735 686 inane
761 637 945 686 iactant
969 634 1335 699 inprudentiuS.

773 760 1095 810 FABVLA
1130 760 1314 809 XXIII.

739 843 977 885 CANIS
1013 841 1359 884 13⁸1DE1218.

321 915 540 980 Repente
565 913 788 964 liberalis
814 914 976 963 stultis
1003 919 1171 977 gratus
1198 918 1286 969 est,

250 986 433 1034 Verum
459 985 637 1048 peritis
660 985 838 1033 inritos
865 983 1024 1032 tendit
1049 983 1201 1033 dolos,

320 1053 602 1103 Nocturnus
627 1067 739 1102 curn
763 1053 843 1101 fur
867 1067 1046 1118 panem
1071 1054 1292 1102 misisset
1315 1052 1442 1108 cani,

250 1122 459 1173 Obiecto
483 1128 728 1187 temptans
754 1137 815 1171 an
841 1121 953 1171 cibo
978 1127 1145 1187 posset
1169 1123 1304 1186 capi:

252 1191 411 1248 Heus,
439 1193 625 1257 inquit,
653 1191 871 1255 linguam
895 1193 970 1243 vis
993 1207 1154 1241 meam
1178 1190 1517 1256 praecludere,

162 1291 165 1294 ·
253 1260 325 1310 Ne
350 1262 526 1311 latrem
549 1276 641 1327 pro
667 1276 721 1310 re
749 1261 969 1311 domini?
1018 1261 1224 1311 Multum
1248 1260 1456 1310 falleris,

252 1329 473 1396 Namque
499 1333 595 1380 ista
622 1331 785 1381 subita
810 1346 887 1380 me
913 1330 1053 1380 iubet
1077 1330 1359 1394 benignitas

257 1399 491 1464 vigilare,
518 1401 669 1451 facias
693 1416 756 1450 ne
783 1416 892 1450 mea
919 1401 1062 1466 culpa
1085 1401 1296 1449 lucrum.

780 1526 1038 1574 FABVL
1054 1527 1100 1575 A
1136 1526 1315 1575 XXIV.

669 1607 870 1649 RANA
898 1608 1139 1650 RVPTA
1166 1609 1257 1650 ΕΤ
1287 1607 1433 1650 Bos,

323 1679 496 1743 Inops,
524 1685 776 1743 potentem
803 1678 919 1728 dum
944 1678 1047 1728 vult
1069 1679 1269 1739 imitari,
1310 1680 1459 1744 perit.

254 1748 311 1798 In
336 1754 477 1813 prato
504 1748 748 1813 quondam
774 1763 894 1798 rana
919 1751 1176 1814 conspexit
1199 1747 1374 1798 bovem

255 1818 317 1868 Et
341 1824 470 1867 tacta
494 1817 678 1867 invidia
704 1824 865 1867 tantae
890 1818 1242 1882 magnitudinis

255 1887 501 1951 Rugosam
526 1886 714 1937 inflavit
738 1888 940 1952 pellem:
979 1895 1086 1938 tum
1110 1895 1251 1938 natos
1275 1903 1390 1938 suos

255 1957 604 2020 Interrogavit,
634 1972 695 2007 an
722 1957 844 2007 bove
872 1964 1004 2008 esset
1027 1959 1190 2008 latior.

255 2027 333 2076 Illi
357 2032 615 2091 negarunt.
665 2027 855 2077 Rursus
879 2028 1094 2078 intendit
1118 2035 1281 2077 cutem

255 2096 439 2146 Maiore
463 2097 577 2145 nisu
602 2102 651 2146 et
675 2097 826 2146 simili
851 2099 1096 2162 quaesivit
1119 2097 1279 2154 modo,

257 2165 377 2223 Quis
401 2167 557 2216 maior
583 2173 727 2215 esset.
778 2166 855 2216 Illi
882 2167 1116 2218 dixerunt
1140 2166 1331 2216 bovem.

256 2235 532 2286 Novissime
556 2235 809 2299 indignata
835 2237 951 2286 dum
976 2237 1079 2286 vult
1102 2237 1311 2287 validius

257 2304 433 2355 Inflare
459 2319 590 2363 sese,
618 2312 765 2370 rupto
790 2309 945 2356 iacuit
970 2322 1195 2373 corpore.

799 2433 1116 2481 FABVLA
1153 2433 1306 2481 XXV.

669 2513 894 2554 CANES
923 2514 1014 2555 ΕΤ
1046 2513 1441 2556 GORGODILI.

329 2582 543 2631 Consilia
569 2584 654 2648 qui
680 2582 796 2633 dant
820 2600 970 2648 prava
997 2588 1154 2635 cautis
1178 2584 1482 2642 hominibuS,

259 2650 321 2700 Et
344 2652 558 2715 perdunt
583 2667 782 2717 operam
808 2659 856 2702 et
882 2654 1174 2704 deridentur
1198 2656 1431 2719 turpiter.

329 2721 483 2770 Canes
509 2730 768 2772 currentes
793 2722 966 2772 bibere
993 2726 1045 2773 in
1071 2724 1181 2774 Nilo
1206 2724 1423 2781 flumine,

258 2789 299 2838 Α
324 2791 586 2841 corcodilis
611 2808 673 2843 ne
698 2794 979 2859 rapiantur,
1007 2795 1245 2844 traditum
1270 2800 1356 2844 est.

1793 476 1940 540 ια’

1803 2308 1857 2350 10
