1940 3072
23 467 137 508 1360

23 836 135 877 1365

22 1206 135 1246 1370

21 1573 134 1613 1375

833 111 1189 165 -56-

168 235 373 285 astrum
414 230 594 284 adolet
631 230 884 299 flammis»,
924 230 1016 283 alii
1054 248 1194 283 nunc
1234 247 1396 282 aurea
1433 229 1595 282 Titan

166 306 373 359 lumina
411 305 687 374 miscetur,
726 304 814 357 uel
853 322 972 357 cum
1012 303 1245 357 deuexus
1285 303 1343 356 in
1381 303 1551 356 undas

167 380 369 432 labitur
408 382 461 432 et
497 379 658 431 rebus
697 377 926 431 formam
968 378 1313 446 absumpsere
1352 377 1629 446 tenebrae,
1894 387 1940 449 ‘³²⁸2

168 453 257 506 uel
297 453 563 505 matutino
602 451 742 504 redit
778 452 1104 504 incunabula
1140 453 1390 521 linquens
1876 452 1940 501 35²

169 545 289 580 cum
328 527 522 596 pelago
563 528 618 579 et
653 526 812 578 rebus
853 525 1075 578 suffudit
1111 525 1230 578 luce
1270 526 1487 578 colores.

170 602 246 653 sic
287 600 497 653 diuersa
535 599 675 652 diem
717 599 1043 653 comitantur
1082 599 1256 652 sidera
1296 616 1518 668 semper.

167 692 276 728 non
318 692 416 744 ego
455 692 598 726 nunc
635 674 800 743 longo
841 673 1120 726 redeuntia
1161 672 1336 726 sidera
1373 675 1525 726 motu

167 749 224 800 in
262 749 468 832 priscas
508 765 799 800 memorem
841 747 1017 815 sedes,
1055 747 1220 800 habet
1257 747 1365 800 ista
1401 746 1640 816 priorum
1927 790 1930 794 .

167 822 369 891 pagina
409 825 462 875 et
500 823 705 874 incerta
742 838 921 874 rerum
958 821 1170 874 ratione
1209 820 1470 873 feruntur.
1878 836 1923 868 40

167 915 295 948 nam
337 896 427 965 qui
469 895 636 948 solem
675 894 901 947 hiberna
939 913 1135 948 nouem
1174 897 1334 963 putat
1373 894 1588 947 aethere
1627 894 1799 963 uolui,

167 973 230 1022 ut
266 971 425 1022 lunae
466 969 700 1038 spatium
740 969 943 1038 redeat,
982 971 1138 1022 uetus
1176 967 1471 1038 HarpaIUS,
1509 969 1684 1037 ipsam

169 1044 315 1096 ocius
354 1044 411 1096 in
451 1044 601 1096 sedes
640 1045 1016 1112 momentaque
1056 1043 1233 1112 prisca
1270 1042 1490 1095 reducit.

167 1117 315 1170 illius
358 1117 424 1169 ad
464 1135 716 1169 numeros
756 1117 967 1186 prolixa
1005 1116 1263 1169 decennia
1302 1134 1515 1169 rursum

168 1191 424 1244 adiecisse
463 1189 650 1244 Meton
690 1189 958 1258 Cecropea
997 1191 1190 1243 dicitur
1230 1193 1345 1243 arte
1878 1205 1922 1238 45

166 1265 469 1334 inseuitque
510 1265 725 1317 animis:
765 1265 941 1316 tenuit
978 1283 1091 1317 rem
1132 1263 1355 1317 Graecia
1394 1264 1580 1316 sollers

166 1339 413 1408 protinus
455 1341 508 1391 et
547 1339 743 1408 longos
782 1338 1060 1390 inuentum
1099 1338 1249 1390 misit
1285 1339 1344 1390 in
1385 1356 1567 1390 annos,

168 1416 221 1465 et
258 1413 535 1481 primaeua
574 1411 759 1465 Meton
799 1412 1017 1464 exordia
1057 1412 1287 1479 sumpsit
1326 1412 1394 1464 ab
1434 1429 1598 1479 ann0‚

166 1489 397 1539 torreret
434 1486 594 1538 rutilo
637 1503 756 1538 cum
795 1483 1046 1538 Phoebus
1088 1486 1258 1538 sidere
1297 1503 1570 1553 cancrum,

170 1561 385 1629 cingula
425 1578 544 1612 cum
583 1559 804 1611 ueheret
841 1559 1064 1628 pelagus
1103 1559 1290 1628 procul
1330 1558 1544 1612 Orionis
1881 1574 1924 1609 50

167 1637 222 1686 et
261 1652 381 1686 cum
422 1633 663 1686 636111160
703 1632 959 1702 flagraret
999 1631 1167 1686 Sirius
1208 1635 1368 1685 astro,

242 1707 347 1759 Hic
388 1710 469 1760 est
507 1706 656 1776 fonS,
694 1707 834 1759 unde
875 1710 929 1759 et
969 1706 1186 1759 deduxit
1223 1710 1467 1775 tempora
1504 1706 1664 1758 lunae

289 1885 402 1926 1357
443 1883 619 1926 astrum
668 1881 712 1924 V
746 1882 844 1925 astr
875 1882 920 1925 A
951 1882 965 1937 ΙΙ
1000 1881 1159 1926 adolet
1196 1880 1395 1924 flammis
1437 1880 1519 1924 alii
1556 1894 1679 1925 nunc
1718 1893 1858 1926 aurea

168 1939 309 1984 Titan
341 1940 386 1983 V
405 1953 487 1984 om.
512 1939 559 1983 A
622 1945 734 1984 1361
762 1940 956 1984 suffudit
979 1954 1000 1984 e
1025 1940 1200 1984 suffidit
1232 1939 1276 1983 V
1294 1939 1467 1984 infudit
1484 1939 1531 1983 A
1594 1944 1706 1983 1362
1733 1940 1856 1984 diem

176 1999 219 2042 V
247 1999 321 2042 die
345 1998 391 2042 A
415 2001 430 2055 ΙΙ
454 1999 736 2043 comitantur
759 2000 804 2043 A
839 1999 1142 2043 comittantur
1174 1999 1218 2042 V
1295 2003 1410 2042 1364
1441 2012 1694 2043 memorem
1727 1999 1857 2044 sedes

166 2072 191 2102 v
219 2071 424 2102 memore
450 2058 579 2102 sedes
613 2058 656 2101 V
682 2071 888 2102 memoro
913 2058 1044 2102 sedes
1070 2059 1115 2101 A
1140 2072 1367 2102 memores
1392 2057 1500 2102 edes
1525 2072 1547 2101 e
1610 2062 1723 2102 1366
1747 2071 1855 2102 nam

168 2117 247 2172 qui
280 2118 324 2161 I.
357 2116 561 2173 Scaliye‘r
601 2118 654 2162 de
695 2118 862 2162 emend.
901 2122 1031 2173 temp.
1066 2117 1135 2160 II
1165 2131 1209 2173 p.
1245 2121 1303 2162 73
1337 2130 1399 2173 sq.
1432 2118 1539 2161 edit.
1571 2117 1642 2160 II
1668 2117 1772 2172 naq.
1816 2117 1861 2160 V

166 2189 349 2231 nanque
381 2175 427 2219 A
459 2176 579 2219 Nam
613 2191 713 2232 quae
745 2190 767 2221 e
796 2177 812 2231 ΙΙ
841 2177 987 2220 solem
1019 2189 1041 2219 e
1071 2176 1203 2220 solon
1243 2176 1326 2219 VA
1351 2177 1367 2232 ΙΙ
1391 2176 1579 2221 aethere
1610 2190 1632 2220 6
1662 2177 1854 2220 aethrae

176 2234 219 2277 V
256 2234 446 2278 aethera
483 2233 528 2277 A
566 2235 581 2290 ΙΙ
618 2235 748 2280 1101111
787 2235 831 2278 A
871 2235 1002 2278 uului
1049 2234 1094 2278 V
1241 2239 1353 2279 1367
1393 2234 1530 2279 lunae
1573 2234 1619 2278 A
1659 2235 1771 2279 luna
1816 2234 1861 2278 V

170 2298 283 2338 1368
314 2295 642 2349 momentaque
674 2295 719 2337 A
751 2296 985 2339 momenta
1016 2307 1133 2349 quae
1175 2293 1218 2336 V
1313 2298 1426 2337 1369
1458 2293 1641 2349 prolixa
1673 2308 1694 2338 6
1725 2294 1855 2338 omit-

167 2356 271 2397 tzmt
311 2351 396 2395 VA
420 2353 435 2408 ΙΙ
459 2352 683 2396 decennia
722 2353 764 2396 V
792 2353 1007 2397 decentia
1037 2352 1080 2395 A
1198 2357 1310 2396 1370
1344 2351 1576 2409 Cecropea
1607 2366 1629 2396 6
1659 2353 1856 2397 correxit

178 2411 220 2453 V
250 2409 483 2466 Cecoprea
513 2411 559 2454 A
654 2416 764 2455 1371
799 2411 1061 2467 inseuitque
1093 2410 1339 2456 Schraderi
1370 2412 1715 2455 commentarius
1745 2411 1852 2455 Ber.

166 2469 430 2525 inseditque
472 2469 557 2512 VA
637 2485 681 2514 u.
714 2473 835 2515 1373
868 2471 919 2514 in
948 2471 1154 2528 maryine
1183 2471 1313 2515 habet
1353 2470 1409 2523 V,·
1438 2471 1520 2514 hoc
1551 2471 1644 2514 loco
1675 2471 1854 2524 omittit,

162 2532 266 2585 post
289 2543 333 2572 u.
353 2530 472 2573 1374
489 2529 677 2585 praebet
700 2530 826 2573 haec:
853 2529 1042 2573 exordia
1065 2529 1263 2585 sumpsit
1286 2529 1346 2573 ab
1367 2542 1486 2573 anno
1503 2529 1548 2572 A
1612 2533 1723 2573 1373
1743 2532 1791 2573 et
1815 2528 1860 2572 V

169 2587 249 2631 sed
296 2601 317 2631 6
352 2588 369 2642 ΙΙ
413 2587 651 2642 primaeua
697 2587 856 2632 Meton
902 2602 927 2632 v
973 2588 1232 2644 primeuam
1276 2590 1359 2632 ton
1407 2587 1451 2630 V
1490 2587 1787 2644 primeuaton
1833 2601 1855 2632 6

171 2651 283 2690 1374
322 2647 522 2690 torreret
561 2660 582 2689 6
618 2648 766 2690 torret
806 2647 890 2690 VA
1015 2651 1128 2691 1376
1161 2647 1371 2691 caeruleo
1403 2661 1425 2690 6
1456 2645 1669 2691 caerulea
1710 2646 1754 2689 V
1781 2659 1852 2690 66-

167 2705 294 2748 ruleo
326 2704 371 2747 A
497 2709 609 2748 1377
648 2705 726 2748 hic
767 2707 838 2749 est
867 2706 968 2750 fons
998 2706 1163 2761 scripsi
1194 2706 1250 2759 cf.
1283 2706 1470 2750 Hermes
1501 2705 1658 2747 XIII
1677 2718 1727 2760 p.
1763 2707 1853 2749 360

167 2777 211 2807 n.
245 2767 299 2806 41
341 2763 430 2807 1106
469 2764 523 2806 ut
561 2763 687 2807 fonte
730 2764 773 2806 V
798 2765 887 2808 hoc
920 2765 966 2808 et
997 2764 1172 2809 fontem
1204 2765 1249 2807 A
1281 2766 1295 2821 ΙΙ
1325 2764 1447 2808 unde
1479 2777 1501 2808 6
1531 2763 1682 2808 undae
1723 2763 1807 2807 VA
1839 2763 1854 2821 ΙΙ

169 2821 362 2865 deduxit
393 2821 581 2866 Grotius
614 2824 660 2865 et
691 2822 823 2866 duxit
863 2823 947 2866 VA
