1940 3072
50 187 71 208 γ..
80 187 95 202 ν’*

9 207 46 225 „55
64 230 67 231 γ

660 146 692 196 ἶ
749 171 860 214 vm
890 151 1121 215 363-—425‘
1154 172 1158 175 ’
1423 135 1431 140 ὴ
1507 176 1509 178 ·
1662 168 1735 222 43

216 288 572 352 'Circumfusa
594 297 722 366 rati,
753 299 1025 350 uastarum
1049 298 1214 351 turris
1235 315 1496 367 aquarum
1548 307 1558 310 ’

230 366 438 421 Pendet
448 370 516 421 et
538 367 665 421 elati
687 365 991 436 percellunt
1011 369 1230 421 carbasa
1252 369 1462 426 fluctus.

170 450 172 452 ’
234 436 489 508 Obriguit
509 455 606 507 per
627 438 868 490 membra
890 437 1067 505 Paris,
1094 438 1322 491 transire
1345 439 1572 508 parabat

231 508 319 561 Ad
341 508 641 578 legatorum
666 507 886 577 propria
912 507 974 560 de
1002 526 1142 561 naue
1167 509 1387 562 carinas.

125 587 212 629 400
229 578 334 631 Ast
355 579 449 631 ubi
474 578 737 647 dispersos
764 577 928 648 longo
954 578 1102 631 uidet
1125 597 1356 647 aequore
1380 579 1574 648 Troas,

231 647 473 702 Soluitur
495 649 555 701 in
579 649 809 718 gemitus
834 648 1146 701 lacrimosae
1172 649 1320 702 uocis
1346 668 1554 703 amaros

97 710 100 714 ⁵
187 763 196 767 -
229 718 304 772 Et
327 719 402 772 sie
429 736 581 771 orsus
607 719 706 771 ait:
746 718 919 770 ‘felici
943 722 1085 771 sorte
1111 719 1276 771 creati

228 788 479 842 Pastores
506 807 640 858 quos
663 792 808 841 terra
832 789 976 857 capit
1000 807 1133 857 quos
1158 789 1309 841 nulla
1332 789 1568 857 procella

231 857 499 912 Concutit.
529 858 674 911 haud
686 859 842 927 ponti
857 862 1105 911 metuunt
1118 877 1278 927 super
1291 877 1525 928 aequora
1535 859 1728 912 fluctus

123 938 208 980 405
226 928 300 986 Et
323 929 567 982 rabidum
590 929 813 998 pelagus
838 931 1088 981 temnunt
1112 929 1432 982 latrantibus
1457 929 1614 982 undis
1626 971 1641 999 ‚

230 998 334 1053 Sed
359 999 498 1052 celso
525 998 589 1051 de
614 1002 797 1051 monte
822 998 1010 1051 uident
1033 1002 1095 1051 ut
1118 999 1177 1051 in
1201 1017 1319 1051 arce
1345 999 1588 1052 sedentes

227 1069 435 1122 Pascua
457 1087 583 1122 rura
605 1087 793 1121 nemus
817 1069 996 1122 fontes
1023 1073 1078 1121 et
1101 1069 1324 1122 flumina
1347 1073 1524 1138 prata,

230 1139 335 1192 Per
360 1158 574 1208 campos
599 1140 793 1209 gestire
818 1157 1002 1207 peCUS,
1028 1139 1259 1207 pendere
1286 1139 1515 1208 capellas

231 1209 527 1278 Praerupta
551 1210 614 1262 de
641 1228 772 1278 rupe
798 1210 986 1277 procul
1012 1210 1227 1261 dumeta
1251 1213 1558 1278 sequenteS,

122 1290 208 1331 410
226 1279 300 1332 Et
322 1280 520 1332 uirides
543 1280 773 1333 tondent
795 1280 1009 1332 lasciuis
1035 1279 1283 1332 dentibus
1308 1280 1524 1348 herbaS,

232 1349 413 1403 Ubera
436 1350 693 1403 lactentes
719 1349 1057 1402 contundunt
1080 1349 1350 1402 frontibus
1376 1351 1528 1420 agni,

226 1420 372 1483 Dum
397 1420 564 1472 cauda
590 1421 855 1488 crispante
880 1423 1121 1472 tremunt
1145 1420 1401 1488 mollique
1425 1421 1607 1488 palato

228 1490 514 1558 Exultant,
540 1493 728 1559 potare
754 1490 899 1542 eibos
925 1493 1084 1559 atque
1111 1490 1263 1543 edere
1287 1493 1447 1559 potus

227 1560 488 1613 Muletrae
513 1561 790 1613 balantum
817 1560 1076 1628 depressis
1101 1561 1266 1612 ubera
1289 1562 1549 1614 mammis,

71 1615 79 1619 ⁸
123 1641 207 1682 415
227 1630 531 1684 Decedente
557 1632 640 1683 die
666 1631 840 1683 noetis
866 1631 1204 1683 uenientibus
1230 1631 1431 1683 umbris

229 1701 473 1763 Quantus
499 1719 674 1769 amor,
716 1719 836 1753 eum
864 1701 1001 1753 laete
1026 1720 1171 1754 nouo
1198 1701 1306 1754 iam
1331 1719 1515 1753 caseus
1540 1702 1725 1753 albens

228 1771 514 1824 Formatur
537 1772 889 1839 manibusque
908 1772 1103 1839 premit
1127 1772 1209 1824 lae
1232 1775 1418 1840 pastor
1437 1771 1503 1824 ad
1525 1772 1724 1840 orbem,

231 1841 470 1895 Candida
494 1842 780 1894 summittit
804 1842 1075 1894 feruentes
1102 1842 1294 1893 bucula
1317 1845 1499 1894 tauros

231 1911 637 1980 Committitque
664 1911 822 1964 duces
849 1915 1052 1963 armata
1076 1911 1256 1963 fronte
1284 1912 1556 1964 iuuencos,

122 1991 207 2032 420
224 1981 366 2034 Nam
387 1983 567 2052 grauis
590 1985 670 2034 est
687 1999 912 2051 regnare
932 1982 1099 2048 labor,
1121 1985 1294 2034 metus
1315 1983 1516 2034 excutit
1531 1982 1725 2051 ingens

166 2080 171 2083 -
233 2051 406 2105 Corda
431 2052 623 2104 ducum
649 2070 716 2104 ne
742 2053 884 2104 bella
908 2055 1068 2104 ruant
1091 2070 1159 2103 ne
1184 2052 1292 2103 tela
1316 2053 1591 2104 minentur

228 2122 469 2174 Exitium
495 2122 731 2189 crudele,
758 2123 903 2174 necis
929 2123 1092 2174 timor
1117 2122 1291 2174 omnis
1317 2122 1513 2191 ubique
1541 2125 1635 2174 est.

228 2192 370 2244 Nam
395 2193 600 2262 gladios
625 2193 815 2244 tellure
840 2196 1043 2261 pauent
1065 2192 1364 2261 pelagoque
1393 2192 1654 2260 proeellas

227 2262 543 2315 Formidant
566 2280 665 2314 nee
689 2263 851 2331 plena
876 2263 1031 2315 datur
1056 2262 1201 2314 ducis
1226 2262 1361 2315 hora
1385 2263 1590 2331 quieti?

125 2342 208 2382 425
228 2331 372 2385 Dum
384 2333 638 2401 loquitur,
655 2333 807 2385 uenit
824 2333 968 2385 unda
984 2332 1163 2402 grauis
1179 2336 1500 2401 resonatque
1509 2332 1725 2402 fragore

235 2463 316 2502 397
348 2474 430 2514 per
460 2461 634 2502 coelum
667 2476 780 2503 corr.
802 2462 963 2501 Bacch.
996 2475 1046 2500 m.
1075 2463 1141 2502 rh.
1258 2463 1340 2502 402
1372 2461 1528 2502 foeliei
1640 2462 1725 2502 404

123 2520 202 2558 aut
232 2530 345 2558 corr.
369 2517 397 2556 I
405 2517 458 2557 M
565 2524 667 2570 post
696 2520 778 2559 409
809 2531 957 2558 uersus
988 2519 1156 2558 uidetur
1182 2520 1364 2570 periisse
1394 2531 1482 2557 cum
1509 2518 1725 2569 particula

120 2573 252 2614 uerba
277 2575 400 2622 finita
430 2581 603 2626 regente
708 2575 792 2614 410
823 2573 1013 2613 tundent
1043 2587 1156 2613 corr.
1191 2573 1276 2613 IM
1378 2575 1452 2613 411
1491 2573 1723 2613 lactantes

123 2642 236 2670 corr.
256 2628 416 2670 Bueclz.
524 2632 607 2670 414
636 2629 839 2670 Mulcere
871 2642 982 2670 corr,
1008 2629 1167 2670 Buech.
1190 2629 1393 2681 mulgere
1415 2629 1441 2668 l
1453 2629 1502 2669 M
1527 2632 1534 2678 Ι
1560 2628 1723 2679 palmis

120 2687 387 2737 scripserunt
416 2685 508 2725 IM
601 2688 685 2727 415
715 2685 832 2725 diem
864 2699 977 2727 corr.
1009 2685 1095 2725 [Μ
1191 2687 1274 2725 419
1305 2689 1372 2725 uel
1403 2690 1631 2737 corruptus
1659 2690 1724 2724 est

123 2753 271 2782 uersus
299 2744 368 2781 uel
395 2747 494 2793 post
514 2755 602 2782 eum
633 2744 832 2783 nonnulla
853 2743 1117 2782 exciderunt.
1213 2743 1296 2781 420
1327 2741 1458 2781 labor
1479 2742 1604 2780 etiam
1625 2746 1723 2780 ante

121 2809 318 2849 regnare
347 2798 550 2849 scriptum
580 2805 645 2838 est
679 2800 758 2839 sed
793 2804 1045 2849 expunctum
1160 2799 1241 2837 421
1276 2796 1451 2837 Cordax
1483 2809 1595 2837 corr.
1635 2796 1665 2835 I
1674 2796 1727 2836 M

120 2854 204 2893 422
234 2853 417 2912 Exitum
447 2866 559 2894 corr.
591 2854 620 2893 I
629 2854 680 2894 M
698 2853 705 2906 1
738 2854 837 2894 neci
867 2867 980 2895 corr.
1013 2854 1170 2894 Buech.
1203 2867 1253 2896 m.
1284 2854 1349 2893 rh.
1464 2854 1548 2893 423
1580 2852 1723 2904 pella-

123 2920 271 2961 goque
384 2909 468 2949 424
500 2910 627 2962 queti
657 2924 773 2952 corr.
806 2909 836 2949 I
843 2910 895 2949 M

1740 1013 1791 1052 [1³-
1814 1011 1872 1053 54]
