1940 3072
704 156 884 201 LIBER
916 157 998 205 HL
1031 157 1111 205 IV.
1194 157 1198 160 ’

110 280 172 330 Et
196 281 414 344 graviter
438 294 517 329 me
541 286 706 332 tutare
731 281 919 330 iudicio
947 287 1048 331 tuo.

107 349 317 416 Excedit
341 350 535 400 animus
559 365 708 415 quem
730 353 990 416 proposuit
1012 352 1275 403 terminum
1294 393 1304 405 .

108 419 208 470 Sed
234 419 499 469 difficulter
524 421 807 470 continetur
832 423 1054 486 spirituS,

106 488 412 553 Integritatis
436 489 522 555 qui
547 491 774 540 sincerae
800 493 1028 540 conscius

109 560 148 616 A
172 561 434 610 noxiorum
458 561 705 624 premitur
729 559 1023 610 insolentiis.

108 627 202 685 Qui
228 630 351 686 sint,
377 630 606 694 requires
621 646 634 687 ;
661 629 972 696 apparebunt
995 637 1235 696 tempore.

107 698 234 761 Ege,
261 698 507 764 quondam
531 699 630 762 legi
655 715 803 765 quam
827 715 952 766 puer
977 703 1287 759 sententiam,

107 767 316 825 „Palam
341 770 523 818 mutire
548 769 744 833 plebeio
768 770 1017 835 piaculum
1043 776 1169 827 est‚“

107 836 233 887 Dum
259 839 444 888 sanitas
468 838 735 897 constabit,
764 839 970 904 pulchre
995 842 1284 891 meminero.

625 1035 828 1083 LIBER
865 1034 1191 1092 QVARTVS.

419 1116 654 1171 ΡοῇΤΑ
680 1130 778 1171 AD
806 1129 1384 1175 PARTIOVLONEM.

176 1200 296 1250 Cum
323 1199 645 1250 destinassem
671 1202 940 1250 terminum
966 1203 1105 1267 operi
1130 1207 1347 1251 statuere

105 1268 162 1319 111
187 1270 304 1326 hoc,
333 1276 389 1319 ut
414 1270 524 1319 aliis
550 1277 681 1320 esset
704 1271 942 1320 materiae
968 1273 1102 1329 satiS,

107 1339 375 1389 Consilium
402 1342 551 1388 tacito
579 1340 726 1389 corde
754 1340 979 1391 damnavi
1004 1356 1185 1391 meum.

106 1407 230 1459 Nam
256 1410 411 1474 siquis
435 1409 549 1459 talis
574 1411 722 1459 etiam
749 1411 880 1459 tituli
907 1416 980 1460 est
1005 1418 1255 1475 appetenS,

105 1478 211 1536 Quo
235 1494 334 1528 non
359 1484 503 1544 pacto
527 1479 805 1543 indagabit,
836 1480 1070 1545 quidnam
1096 1482 1364 1539 omiserim,

104 1550 167 1598 Vt
190 1548 311 1598 illud
335 1550 499 1613 ipsum
524 1551 692 1616 cupiat
715 1551 875 1599 famae
903 1550 1115 1608 tradere,

106 1618 204 1668 Sua
230 1620 408 1684 cuique
434 1633 547 1668 cum
574 1621 639 1669 sit
664 1621 815 1670 animi
842 1622 1076 1684 cogitatio

105 1688 345 1754 Colorque
370 1691 627 1755 proprius!
675 1690 808 1753 Ergo
833 1705 932 1739 non
955 1690 1128 1740 levitas
1153 1691 1292 1748 mihi,

106 1758 203 1809 Sed
229 1764 364 1808 certa
388 1761 516 1808 ratio
541 1775 738 1810 causam
764 1759 1014 1809 scribendi
1041 1760 1192 1809 dedit.

105 1827 294 1887 Quare,
322 1828 593 1887 Particulo,
619 1831 851 1894 quoniam
877 1832 1072 1894 caperis
1096 1830 1291 1887 fabuliS,

108 1897 257 1963 (Quas
280 1898 537 1963 Aesopias,
565 1914 663 1948 non
688 1900 892 1965 Aesopi,
919 1901 1138 1956 nomino,

105 1967 230 2027 Quia
255 1983 437 2034 paucas
462 1968 544 2018 ille
570 1969 808 2026 ostendit,
838 1983 928 2032 ego
953 1969 1121 2034 plures
1145 1970 1268 2026 fero,

105 2038 235 2089 Usus
258 2043 451 2088 vetusto
476 2053 659 2101 genere
674 2077 686 2095 ,
716 2039 801 2089 sed
826 2038 979 2088 rebus
1003 2039 1143 2088 novis
1158 2038 1185 2102 ;)

106 2107 345 2166 Quartum
368 2107 614 2165 libellum,
642 2123 753 2158 cum
780 2110 990 2165 vacarit,
1017 2108 1261 2173 perleges·

107 2178 250 2228 Hunc
275 2177 554 2227 obtrectare
582 2180 623 2227 si
648 2179 777 2227 volet
801 2179 1093 2242 malignitas,

107 2247 296 2297 Imitari
324 2247 436 2296 dum
463 2263 561 2297 non
586 2250 769 2313 possit,
798 2248 1042 2298 obtrectet
1066 2248 1198 2298 licet.

107 2316 228 2367 Mihi
252 2323 392 2382 parta
418 2316 524 2366 laus
549 2324 648 2376 est,
676 2318 806 2383 quod
831 2325 909 2376 tu,
938 2318 1068 2383 quod
1094 2318 1280 2367 similes
1306 2318 1378 2367 tui

107 2387 305 2437 Vestras
330 2388 384 2436 in
409 2386 603 2437 chartas
626 2387 778 2437 verba
804 2390 1085 2438 transfertis
1109 2404 1219 2438 mea

107 2457 416 2521 Dignumque
440 2456 583 2520 longa
611 2458 841 2507 iudicatis
865 2460 1118 2508 memoria.

108 2526 435 2576 lnlitteratum
459 2527 684 2591 plausum
710 2542 799 2577 cur
825 2527 1084 2576 desidero?

711 2638 1028 2687 FABVLA
1064 2639 1106 2686 Ῑ.

588 2716 842 2761 ASINVS
870 2720 961 2761 ΕΤ
993 2718 1224 2763 GALLI-

179 2793 274 2849 Qui
299 2797 443 2841 natus
469 2797 546 2840 est
569 2790 764 2846 infelix,
792 2806 891 2841 non
918 2792 1065 2840 vitam
1091 2791 1234 2839 modo

110 2859 322 2912 Tristem
350 2861 593 2919 decurrit,
621 2873 794 2911 verum
817 2868 929 2927 post
954 2860 1143 2911 obitum
1167 2875 1361 2927 quoque

1629 162 1691 209 31

1641 506 1697 550 30

1651 846 1704 889 35

1650 1835 1704 1876 10

1651 2182 1703 2225 15

1649 2531 1704 2574 20
