1940 3072
290 115 362 169 64
404 83 414 121 7
818 90 824 94 ’
989 117 1205 159 MEDEA

295 253 377 293 120
399 245 414 270 ‘
427 241 602 295 Natus
628 241 801 294 adest'
828 240 1006 308 inquit
1041 241 1297 300 multis
1280 259 1388 293 lam
1412 241 1683 310 spargitur
1707 258 1799 294 aer

400 311 674 379 FloribuS‚
702 310 967 363 ambrosio
994 313 1170 363 totum
1195 311 1423 379 respirat
1447 310 1625 364 odore.
1640 317 1656 341 ’

150 396 203 438 [p.
228 396 285 437 81]
403 381 547 434 Dum
572 380 812 448 loquitur
835 380 1036 432 lasciua
1059 379 1270 448 UenuS,
1296 380 1448 434 uenit
1471 398 1591 433 ecce
1618 379 1824 449 Cupido

403 450 654 503 Fessulus
680 453 734 502 et
757 451 961 519 gremio
987 450 1172 502 matris
1197 450 1425 503 libratur
1451 450 1709 503 anhelans
1932 506 1938 510 .

406 520 522 582 Quo
550 538 789 572 sessurus
815 522 947 572 erat.
996 538 1154 588 quem
1178 521 1424 588 protinus
1448 520 1542 572 illa
1566 520 1841 572 uolantem
1872 542 1877 545 ’

303 600 386 642 125
409 590 648 658 Occupat
672 593 726 642 et
751 590 922 642 crines
950 590 1225 658 componit
1248 594 1420 642 mater
1445 590 1633 643 Amori

405 662 486 712 Ac
510 677 736 728 puerum
762 660 1039 728 complexa
1062 660 1213 712 fouet
1238 659 1369 712 dans
1395 660 1576 712 oscula
1597 663 1743 712 nato,

409 729 496 782 Sic
519 729 762 782 blandita
785 730 954 781 iubet:
997 729 1214 798 ‘Pyrois
1239 748 1389 782 mens
1415 730 1577 799 ignea
1600 728 1787 782 mundi
1869 766 1882 769 -

406 801 586 869 Atque
617 818 787 868 uapor
811 799 1037 851 fecunde
1060 799 1197 868 poli,
1225 800 1485 852 successio
1510 817 1713 867 rerum,

406 869 648 922 Affectus
673 873 867 921 natura
889 887 1060 938 genus
1085 869 1208 921 fons
1235 872 1421 922 auctor
1447 870 1623 938 orig0‚

306 949 387 990 130
406 939 489 991 Tu
514 939 657 991 uitae
682 939 911 991 fecunda
937 940 1077 991 salus
1103 942 1162 991 tu
1191 939 1385 991 blanda
1410 939 1659 1007 uoluptas

410 1009 492 1062 Tu
517 1009 765 1077 princeps
790 1010 1031 1077 pietatis,
1059 1011 1255 1077 Amor,
1290 1013 1343 1061 te
1372 1010 1632 1077 praeduce
1658 1007 1856 1060 mundo

409 1079 700 1131 Alternant
725 1078 987 1131 elementa
1011 1079 1155 1131 uices
1181 1081 1235 1131 et
1258 1097 1371 1131 non
1396 1079 1537 1147 perit
1562 1079 1721 1147 orbiS‚

411 1147 545 1202 Cum
571 1151 794 1216 pereant
819 1166 1181 1217 quaecumque
1207 1153 1368 1216 creat,
1407 1166 1506 1200 nec
1535 1148 1700 1201 sentit
1732 1147 1906 1200 adem-

1487 1221 1641 1286 ptum

412 1287 671 1341 Successu
696 1288 949 1340 redeunte
975 1305 1137 1340 110110.
1188 1288 1339 1340 uenit
1364 1305 1486 1340 ecce
1512 1305 1744 1340 nouerca

310 1368 391 1408 135
409 1358 476 1410 In
500 1358 747 1410 manibus
773 1359 879 1409 iam
902 1358 1039 1410 Iuno
1066 1358 1198 1409 meis
1225 1358 1552 1426 supplexque
1579 1358 1815 1410 locatum

417 1427 563 1489 Quae
587 1427 803 1479 fuerant
829 1427 1063 1496 optanda
1087 1428 1211 1479 tibi:
1250 1426 1440 1479 Medea
1464 1427 1710 1480 sacerdos

416 1496 686 1567 Sacrilega
710 1515 845 1576 quae
871 1515 1002 1549 uoce
1029 1497 1164 1549 solet
1189 1497 1506 1564 compellere
1532 1497 1752 1564 caelum,

414 1567 623 1620 Inuitos
650 1568 820 1619 accire
847 1566 971 1619 deos
983 1584 1252 1636 ,urguere
1278 1566 1593 1634 Tonantem,

414 1635 559 1688 Dum
585 1637 831 1705 precibus
858 1637 1120 1689 elementa
1147 1636 1322 1705 quatit
1346 1655 1490 1688 mare
1522 1636 1694 1689 sidera
1718 1638 1887 1688 terras

315 1717 395 1756 140
414 1705 679 1758 Naturam
702 1707 917 1759 turbare
943 1707 1127 1774 simul,
1163 1710 1256 1758 tua
1281 1706 1390 1758 tela
1413 1706 1660 1758 medullis

415 1775 746 1845 Excipiat—
769 1776 872 1828 hoc
881 1776 1018 1829 Iuno
1039 1777 1176 1844 petit
1198 1807 1246 1814 —
1267 1776 1619 1856 iuuenemque
1630 1775 1913 1857 Pelasgum

415 1845 624 1915 Diligat
652 1849 801 1915 optet
825 1849 967 1898 amet
992 1847 1172 1914 cupiat
1197 1846 1429 1914 suspiret
1453 1846 1683 1898 anhelet.

420 1914 691 1968 Sollicitus
717 1920 898 1968 tamen
924 1916 1028 1968 ista
1050 1935 1181 1984 para
1218 1918 1506 1984 cautusque
1532 1918 1824 1967 memento·

419 1985 662 2038 Medeam
686 1987 887 2038 fixurus
914 1987 1032 2038 eris.
1050 1992 1065 2015 ’
1118 1987 1194 2038 sic
1218 1986 1330 2037 fata
1355 1985 1548 2037 Dione.

316 2065 395 2104 145
415 2054 556 2107 Risit
580 2058 749 2109 Amor
785 2056 1075 2124 matrisque
1102 2057 1222 2107 sinu
1248 2073 1302 2107 se
1328 2055 1594 2107 subtrahit
1619 2054 1745 2122 3188,

421 2123 637 2193 Spicula
665 2144 823 2178 saeua
846 2126 980 2195 legit
1005 2126 1197 2193 quibus
1224 2125 1353 2176 olim
1380 2124 1535 2176 Luna
1558 2142 1655 2192 per
1678 2124 1891 2176 umbras

421 2194 697 2247 Pastorem
722 2196 994 2247 flammata
1020 2198 1180 2263 tenet,
1207 2212 1305 2246 nec
1330 2194 1558 2246 sustinet
1583 2194 1735 2263 ignes

423 2264 578 2317 Luna
605 2264 929 2333 Cupidineos
957 2263 1096 2317 Solis
1123 2282 1257 2333 quae
1283 2264 1512 2315 sustinet
1538 2264 1720 2316 orbem

423 2333 498 2386 Et
523 2334 705 2386 fratris
730 2335 891 2387 radiis
917 2338 1206 2402 conceptus
1233 2334 1365 2385 lucis
1391 2333 1623 2401 adoptat.

323 2412 405 2452 150
423 2403 542 2455 Hoc
570 2405 645 2455 ait
669 2404 1004 2473 ignipotens:
1034 2404 1161 2456 ‘telo
1189 2403 1377 2455 Medea
1403 2406 1665 2455 cremetur

425 2473 541 2534 Quo
561 2447 860 2540 Scythicam
883 2474 1155 2525 succendit
1174 2492 1323 2525 amor
1343 2473 1692 2551 dominaeque
1708 2470 1894 2523 fauilla

179 2554 232 2594 [p-
268 2552 326 2592 82]
435 2542 716 2594 Excutiam
742 2561 838 2611 per
861 2543 1061 2611 templa
1086 2543 1298 2610 11013118,
1326 2545 1379 2594 et
1402 2543 1555 2611 uirgo
1583 2544 1802 2594 cruenta

434 2727 512 2765 127
545 2726 695 2765 Pirois
717 2729 986 2781 corruptelae
1008 2729 1128 2779 signo
1152 2731 1337 2766 notatum
1366 2731 1408 2765 et
1436 2726 1581 2765 uersui
1599 2724 1642 2775 Rs
1662 2731 1762 2765 nota
1788 2737 1873 2777 pra

1932 2646 1940 2678 2

1875 2678 1940 2771 e(

315 2783 411 2831 fixa
443 2787 505 2820 est
624 2783 701 2822 132
731 2774 803 2831 'du'
812 2794 886 2821 088
916 2784 1042 2822 11ῐο88
1074 2795 1100 2833 γ
1218 2783 1297 2822 133
1327 2783 1539 2833 suppleuit
1568 2780 1727 2821 Bueeh.
1822 2769 1940 3068 133

321 2839 515 2875 uocatur
546 2850 659 2876 corr
695 2818 853 2877 Biceclz.
972 2839 1048 2877 151
1083 2838 1205 2887 Quos
