1940 3072
802 107 1127 159 -3—

116 224 261 275 terra
301 222 448 293 gelu,
487 240 582 276 uer
620 226 682 277 ut
720 223 933 277 blandis
973 224 1217 277 adrideat
1256 226 1425 295 auris,

114 295 489 364 puluerulenta
527 296 618 350 siti
657 297 906 351 tellurem
944 300 1007 350 ut
1044 300 1250 352 torreat
1288 302 1467 352 aestas

26 381 83 422 40
116 372 170 422 et
208 369 389 439 grauis
430 371 676 424 autumni
713 370 898 424 redeat
934 370 1111 424 fetura
1149 373 1402 441 parentis.

17 750 78 792 45

12 1119 75 1161 ;50

8 1490 71 1530 55

113 442 216 496 hoc
255 443 385 496 duce
423 462 521 513 per
558 445 753 498 tumidi
790 445 1016 498 ferimur
1053 445 1192 498 freta
1231 446 1488 516 gurgitiS,
1527 446 1634 500 isto

112 520 457 586 praeceptore
498 519 672 571 solum
713 519 968 589 grauibus
1008 537 1285 572 uer-samus
1325 520 1533 574 aratris,

110 591 211 644 iste
251 592 469 644 modum
508 593 701 645 statuit
740 593 932 663 signis,
970 593 1058 646 hic
1096 594 1256 646 rebus
1295 593 1557 647 honorem

111 664 369 733 infundit,
408 667 647 719 tenebris
685 666 774 719 hic
812 666 1154 719 interlabitur
1193 666 1434 735 aethrae,

111 739 318 791 uiscera
357 741 411 792 et
450 742 699 793 aeternos
741 740 947 792 animat
988 740 1297 810 genitabilis
1338 744 1500 793 artus.

111 812 338 881 denique
376 831 444 866 ne
483 814 707 884 longum
746 815 1042 867 marcentia
1082 814 1244 867 corda
1282 814 1520 867 iacerent

109 886 470 957 mundanique
510 890 661 941 ortus
701 906 854 940 mens
894 888 1159 940 inmemor
1198 888 1377 940 omnia
1417 888 1615 941 sensim

107 960 236 1013 uilia
275 961 578 1030 conciperet
614 979 787 1031 neque
827 979 883 1014 80
924 961 1244 1015 subduceret
1281 980 1536 1031 umquam

107 1033 274 1087 fontis
313 1034 369 1086 in
410 1036 613 1088 aeterni
651 1035 966 1105 primordia,
1005 1054 1109 1104 quo
1150 1036 1300 1088 uelut
1339 1036 1536 1104 amniS,

108 1125 268 1176 quem
306 1108 503 1162 festina
540 1109 660 1162 citis
700 1112 857 1179 urget
893 1112 1091 1162 natura
1127 1109 1345 1161 fluentis
1355 1151 1368 1178 ,

106 1181 263 1250 lapsu
302 1184 557 1237 continuo
597 1184 834 1236 ruiturae
873 1184 931 1236 in
970 1201 1198 1252 corpora
1234 1188 1421 1236 nostra

104 1260 465 1326 prorumpunt
504 1258 715 1310 animae
756 1257 1052 1326 seriemque
1090 1275 1186 1325 per
1226 1257 1445 1310 aethera
1484 1259 1728 1311 nectunt:

103 1328 190 1382 hic
229 1331 460 1398 primum
500 1329 681 1384 Cnidii
719 1331 927 1384 radium
967 1331 1107 1385 801118
1148 1331 1336 1384 intulit
1375 1331 1536 1384 astris

103 1404 490 1475 mortalemque
530 1406 680 1474 loqui
720 1405 903 1458 docuit
942 1423 1183 1459 connexa
1223 1405 1464 1473 deorum,

104 1493 198 1529 cur
236 1476 599 1547 Hyperionios
639 1497 780 1548 nepa
819 1479 1258 1532 circumflecteret
1295 1479 1471 1548 igneS,

105 1552 350 1604 autumni
386 1553 560 1605 reditu
600 1571 693 1606 0111
731 1553 831 1606 sub
872 1553 1051 1622 gelido
1093 1552 1402 1622 capricorno

103 1624 295 1677 bruma
331 1626 576 1694 pruinosi
613 1628 743 1696 iuga
780 1627 961 1679 tristia
999 1627 1235 1680 solueret
1274 1626 1420 1694 anni,

104 1715 196 1750 cur
237 1700 472 1767 spatium
511 1700 668 1768 lucis,
711 1700 955 1753 madidae
996 1718 1089 1752 cur
1126 1704 1370 1768 tempora
1407 1699 1582 1752 noctis

102 1771 241 1825 libra
280 1773 522 1842 celerque
562 1773 700 1827 aries
741 1774 992 1827 demenso
1032 1773 1264 1843 pondere
1305 1772 1523 1841 Olympi

219 1995 274 2036 38
336 1991 552 2037 adrideat
604 1992 728 2036 auris
782 1992 1028 2037 Schraderi
1081 1991 1426 2036 commentarius
1477 1990 1789 2036 Berolinensis

99 2047 339 2106 Hauptius
369 2051 426 2105 cf.
460 2051 648 2096 Hermes
689 2051 732 2094 V
754 2065 802 2107 p.
837 2055 927 2096 189
960 2050 1120 2095 adride
1153 2049 1326 2095 ataruis
1360 2050 1404 2093 V
1431 2049 1634 2094 arrideat
1666 2050 1790 2094 aruis

97 2107 143 2151 A
176 2108 389 2154 adrideat
420 2109 544 2154 aruis
577 2124 599 2155 0
704 2115 758 2154 41
800 2110 891 2154 isto
924 2124 945 2154 0
976 2122 1060 2154 om.
1099 2109 1143 2153 V
1169 2111 1216 2153 et
1248 2123 1339 2165 quo
1371 2108 1462 2153 isto
1495 2110 1563 2164 (et
1594 2121 1684 2164 quo
1716 2110 1789 2153 de-

98 2166 208 2212 leuit
246 2181 410 2213 manus
447 2171 494 2225 1)
532 2168 578 2212 Α
627 2176 657 2190 ⁷⁴
698 2174 754 2213 42
801 2182 1040 2213 uersamus
1088 2168 1132 2211 V
1166 2169 1380 2212 uersatur
1410 2170 1455 2211 A
1490 2169 1506 2224 ΙΙ
1545 2167 1711 2212 aratris
1742 2168 1787 2211 A

98 2226 245 2272 aratrfi
288 2227 331 2270 V
359 2227 504 2272 aratri
533 2243 556 2272 0
676 2232 733 2272 44
771 2227 974 2271 infundit
1011 2226 1056 2270 V
1081 2226 1258 2271 Infudit
1287 2227 1365 2271 Ae
1485 2231 1542 2271 45
1575 2227 1787 2271 aeternos

96 2284 274 2331 animat
307 2286 392 2330 VA
424 2287 669 2332 aethereos
702 2286 913 2331 animans
947 2285 1136 2331 Grotius
1168 2286 1224 2340 cf.
1253 2285 1442 2331 Hermes
1471 2285 1594 2329 XII
1613 2298 1664 2341 p.
1696 2289 1786 2330 153

95 2358 140 2388 n.
174 2349 233 2389 16
256 2347 271 2402 ΙΙ
294 2345 564 2402 genitabilis
606 2346 667 2390 Ve
699 2345 980 2403 genitalibus
1012 2346 1057 2388 A
1177 2350 1233 2388 46
1270 2345 1461 2401 longum
1502 2344 1564 2388 Ve
1597 2343 1656 2387 ad
1687 2343 1785 2387 lon-

95 2417 207 2459 gum
245 2404 290 2447 A
441 2409 496 2449 47
538 2405 694 2450 omnia
733 2405 902 2448 sensim
940 2418 965 2447 v
1003 2402 1273 2449 omnias&is
1316 2403 1358 2447 V
1394 2403 1550 2448 omnia
1590 2402 1700 2446 setis
1739 2402 1784 2445 A

96 2461 251 2507 omnia
280 2462 395 2507 sensi
426 2477 447 2508 0
566 2468 623 2508 48
656 2463 773 2507 uilia
802 2477 823 2507 0
847 2462 1024 2520 Vigilia
1054 2462 1139 2506 VA
1172 2464 1186 2519 ΙΙ
1217 2475 1438 2518 umquam
1473 2461 1515 2504 V
1543 2462 1596 2504 ut
1627 2474 1715 2515 que
1739 2461 1784 2503 A

96 2524 150 2564 51
177 2523 335 2566 nostra
367 2522 429 2566 Ve
451 2523 608 2582 nostre
632 2522 679 2566 A
748 2526 804 2566 52
830 2522 1089 2577 seriemque
1123 2521 1184 2565 Ve
1210 2521 1418 2576 serieque
1443 2521 1487 2564 A
1550 2524 1605 2563 53
1633 2518 1785 2562 Cnidii

94 2579 277 2623 radium
318 2580 361 2625 V
396 2580 557 2625 cinidii
597 2581 779 2625 radium
817 2580 878 2624 Ve
911 2594 1013 2625 cum
1055 2579 1169 2623 dura
1207 2579 1287 2623 diu
1319 2581 1362 2623 A
1485 2583 1540 2623 56
1573 2577 1784 2621 autumni

95 2651 121 2681 v
153 2639 311 2684 autuni
356 2639 399 2683 V
429 2640 668 2684 auctumni
698 2641 743 2683 A
774 2641 870 2683 Aut
899 2641 1010 2683 111110
1043 2653 1064 2683 0
1087 2640 1102 2695 ΙΙ
1125 2638 1280 2694 gelido
1314 2652 1334 2682 0
1364 2637 1519 2694 legido
1559 2636 1602 2679 V
1628 2635 1783 2692 legido

95 2710 259 2742 manus
292 2702 318 2742 1
350 2698 520 2755 frigido
552 2712 715 2743 manus
746 2702 778 2743 2
804 2698 849 2741 A
942 2702 996 2742 59
1023 2698 1239 2741 demenso
1263 2697 1466 2753 pondere
1491 2711 1511 2739 0
1536 2693 1781 2739 demensor.

0 2746 7 2779 :
96 2756 264 2801 ondere
313 2756 355 2800 V
399 2757 642 2802 demensos
690 2757 856 2801 cudere
896 2757 942 2801 A
991 2756 1199 2800 dimenso
1248 2755 1450 2812 pondere
1494 2753 1683 2799 Grotius
1725 2754 1781 2807 cf.

0 2783 3 2786 Ι
95 2814 285 2860 Hermes
320 2816 476 2859 XIII
497 2830 546 2873 p.
580 2820 672 2862 357
702 2830 748 2861 n.
781 2819 841 2860 33

1452 2886 1508 2929 1*
