1940 3072
0 0 131 25 §yyy-34,
141 14 145 19 ς
164 6 173 11 .,
223 0 251 9 ⁷«—
268 4 270 6 v
294 0 322 11 ,ῃ
344 0 435 16 ,ξμῃςμν
448 2 464 22 «ς,
508 3 514 5 >
526 9 531 15 ι
555 0 575 6 ιη
630 0 658 33 4,,-
667 0 692 15 γτ
767 0 879 25 ἢν,

0 32 18 44 ν’
61 31 64 33 ·

309 142 380 196 86
921 141 1316 186 SA'rlsrAcrm

421 267 585 321 Cuius
611 267 718 319 ab'
703 265 928 335 imperio
953 283 1180 346 surgens
1204 268 1258 319 et
1283 267 1492 337 origine
1517 267 1714 323 Caesar

317 349 398 390 180
494 339 770 406 Augustus
794 336 992 389 meruit
1014 339 1225 406 tempus
1249 337 1446 391 habere
1470 338 1636 407 pium.

418 409 678 476 Tempore
727 425 958 475 namque
1008 406 1193 460 eodem
1242 411 1323 461 est
1368 411 1527 461 natus
1577 408 1641 461 de
1688 409 1914 481 uirgine

1493 478 1751 548 Christus,

489 547 653 601 Cuius
680 549 734 599 et
758 547 975 599 emicuit
998 546 1153 599 stella
1175 565 1272 616 per
1295 551 1438 600 astra
1461 549 1592 617 poli.

419 618 543 670 Dux
567 618 816 687 princeps
840 616 1116 670 Romanus
1142 620 1256 670 erat
1281 617 1343 670 de
1367 618 1608 688 principe
1635 618 1788 673 Titus

490 687 547 741 Si
571 706 684 741 non
708 690 1004 756 praestaret
1029 687 1202 740 dicere
1228 706 1384 757 saepe
1411 689 1613 741 solens:

313 770 395 809 185
424 765 438 789 ‘
453 758 789 811 Perdidimus
813 757 914 810 hac
939 758 1056 810 luce
1082 758 1249 810 diem'
1278 759 1324 810 si
1348 759 1498 811 nulla
1522 758 1751 812 dedisset

487 828 617 882 Non
642 831 890 881 exoratus
914 828 1171 896 praestita
1197 828 1545 897 supplicibus,

418 900 574 951 Alter
600 899 675 951 ait
698 899 947 967 princeps
972 898 1183 951 modico
1211 917 1452 951 sermone
1477 902 1642 967 poeta

490 969 811 1022 Commodus
837 970 1114 1038 Augustus
1141 969 1224 1020 uir
1247 971 1448 1037 pietate
1473 970 1670 1022 bonus:

421 1039 647 1092 <Nobile
671 1042 1014 1107 praeceptum
1039 1041 1271 1092 rectores
1299 1039 1484 1092 discite
1509 1043 1633 1108 post
1657 1058 1767 1092 me:

318 1120 400 1160 190
496 1108 578 1162 Sit
601 1110 776 1161 bonus
801 1109 859 1161 in
884 1109 998 1161 uita
1022 1110 1115 1178 qui
1139 1109 1287 1162 uolet
1311 1127 1424 1161 esse
1451 1110 1627 1163 deus'.

390 1185 393 1188 *
417 1179 557 1232 Ecce
583 1179 711 1248 quid
735 1178 999 1247 impendit
1022 1179 1231 1231 homini
1257 1179 1539 1232 clementia
1563 1179 1804 1260 simplex,

490 1249 566 1302 Ut
591 1253 826 1317 praestet
851 1249 994 1301 bona
1020 1249 1151 1302 dans
1178 1250 1421 1302 conferat
1445 1253 1604 1318 atque
1631 1251 1858 1304 animae.

417 1319 471 1372 N
474 1338 501 1371 6
527 1319 691 1372 facias
716 1320 978 1389 populum
1002 1319 1337 1389 mendacem
1369 1320 1461 1389 qui
1485 1321 1586 1372 tibi
1612 1321 1806 1373 clamat

488 1389 766 1443 Uocibus
752 1390 1087 1442 mnumeris‘
1102 1408 1195 1443 rex
1221 1390 1592 1488 dominusque
1597 1391 1775 1488 Ρ1116’;

317 1470 396 1510 195
422 1458 500 1512 Ut
523 1479 629 1512 uox
654 1479 782 1512 uera
807 1463 963 1513 sonat
989 1461 1294 1529 ‘dominus’,
1322 1461 1397 1513 sic
1423 1479 1552 1513 uera
1577 1461 1734 1528 pius’
1763 1461 1847 1517 sit.

489 1529 686 1582 Orbis
671 1549 729 1581 111
755 1548 846 1583 016
871 1530 1021 1583 uolat
1045 1531 1261 1599 puplica
1284 1549 1434 1582 merx
1456 1549 1756 1599 procerum.

416 1599 584 1653 Fama
609 1600 802 1652 ducum
825 1618 938 1653 non
964 1605 1044 1653 est
1068 1601 1222 1653 bellis
1248 1601 1471 1653 collecta
1497 1602 1730 1654 cruentis

487 1670 571 1722 Ex
597 1671 790 1739 quibus
818 1672 1048 1723 occurrit
1076 1690 1232 1740 saepe
1256 1676 1433 1724 reatus
1459 1674 1614 1724 atrox

420 1739 606 1794 Gloria
630 1741 908 1809 bellorum,
936 1741 1157 1794 ducibus
1182 1741 1500 1810 populisque
1526 1741 1830 1810 triumphos

313 1820 397 1860 200
491 1811 556 1862 111
581 1829 861 1863 6011111111116
890 1811 1039 1864 datos
1066 1812 1258 1864 diuidit
1283 1812 1636 1880 armipotens:

417 1879 558 1933 Nam
585 1881 805 1935 ducibus
831 1882 958 1934 60116
983 1885 1218 1950 praestat
1243 1882 1525 1934 clementia
1549 1881 1776 1948 laudem,

489 1951 617 2003 Non
641 1951 803 2003 habet
828 1952 959 2004 haec
986 1954 1234 2004 comitem
1258 1952 1678 2049 participemque
1703 1954 1881 2021 negat.

419 2020 565 2073 Dicit
591 2022 666 2073 ein
693 2041 839 2073 arma
863 2040 1016 2090 pares
1042 2022 1241 2074 fuimus
1268 2040 1389 2074 cum
1412 2022 1674 2090 principe'
1701 2022 1855 2074 miles

490 2098 503 2120 ³
521 2091 608 2143 Me
633 2096 909 2161 pugnante
937 2111 1137 2161 comes,
1164 2093 1338 2145 uictor
1362 2092 1427 2144 ab
1454 2092 1607 2144 hoste
1633 2091 1811 2144 redis'.

313 2169 394 2210 205
419 2160 472 2213 N
475 2163 678 2229 unquid
703 2167 762 2214 ut
786 2163 1031 2231 ignoscat
1054 2166 1229 2215 rector
1252 2180 1375 2229 pars
1400 2162 1586 2214 militis
1612 2162 1818 2214 intrat?

490 2230 603 2283 Soli
629 2233 721 2299 qui
746 2233 980 2302 ignoscit
1005 2233 1177 2302 gloria
1201 2231 1371 2284 laudis
1399 2232 1514 2283 erit.

422 2300 524 2362 Qui
549 2301 700 2369 fodit,
728 2303 980 2354 aduersus
1006 2303 1186 2355 hostes
1213 2302 1502 2354 certamina
1529 2300 1715 2353 Martis

423 2542 501 2581 181
535 2541 694 2582 Christi
728 2555 875 2583 nomen
906 2544 967 2582 sic
1004 2542 1204 2582 scribitur
1243 2548 1287 2582 ut
1317 2556 1356 2584 u.
1392 2543 1471 2583 123
1608 2541 1687 2582 185
1724 2541 1781 2593 cf.
1813 2540 1918 2582 Sue-

310 2603 382 2638 ton
416 2597 504 2637 Tit.
538 2599 563 2637 8
682 2599 760 2639 187
790 2602 998 2650 permira-s·
1030 2600 1192 2652 quidem
1224 2600 1301 2638 iste
1334 2598 1508 2638 modico
1541 2609 1747 2637 sermone
1780 2599 1920 2649 poeta.

309 2658 446 2693 tamen
493 2654 608 2693 haud
650 2657 737 2694 seio
785 2668 877 2694 num
930 2668 1018 2694 cum
1065 2656 1251 2694 Areualo
1298 2660 1340 2694 et
1389 2655 1659 2705 interpolatis
1703 2655 1773 2694 uel
1815 2663 1918 2705 pro-

308 2709 444 2749 batus
489 2716 560 2749 aut
603 2710 812 2762 profatur
855 2714 923 2751 uel
963 2712 1095 2750 simile
1127 2710 1391 2750 scribendum
1418 2711 1474 2749 sit
1591 2709 1671 2749 195
1703 2712 1834 2749 sonet

312 2766 393 2804 197
424 2777 520 2804 mos
558 2767 807 2817 interpolati
837 2778 969 2805 mors.
1010 2766 1223 2807 Areualus
1254 2778 1379 2805 merx
1410 2777 1525 2805 corr.
1559 2765 1720 2808 Bacch.
1835 2762 1921 2805 205

310 2820 457 2860 instat
499 2823 674 2872 scripsit
711 2823 924 2861 Areualus
959 2835 1048 2862 cum
1095 2823 1364 2873 interpolatis
1401 2821 1546 2861 intrat
1583 2822 1691 2862 idem
1727 2820 1917 2869 coniecit,

310 2876 359 2915 id
387 2878 499 2928 quod
529 2879 678 2928 legitur
706 2879 749 2918 in
784 2878 989 2918 Uaticano
1020 2879 1164 2919 codiee
1286 2879 1368 2918 207
1399 2877 1527 2918 fouet
1557 2877 1770 2917 Areualus
