1940 3072
723 164 903 210 LIBER
937 165 1017 214 IV.

138 287 233 347 Qui
255 289 420 338 facere
445 302 572 353 quae
596 303 696 338 non
722 295 930 353 possunt
954 289 1122 340 verbis
1148 290 1355 348 elevant,

69 358 368 410 Adscribere
392 357 486 407 hoc
512 357 765 408 debebunt
789 359 1069 425 exemplum
1095 360 1208 410 sibi.

648 484 972 534 FABVLA
1007 487 1097 535 IV.

521 565 788 614 EQVVS
831 566 931 608 E'I·
974 568 1206 611 APER.

137 638 306 703 Equus
332 637 507 687 sedare
534 637 706 686 solitus
730 652 828 702 quo
852 638 1017 687 fuerat
1040 640 1193 696 sitim,

67 709 195 759 Dum
219 722 330 758 sese
356 722 475 772 aper
499 707 709 764 volutat,
736 706 953 757 turbavit
975 707 1167 759 vadum.

67 779 196 830 Hinc
222 783 329 827 orta
353 777 417 826 lis
442 783 535 827 est.
587 776 794 842 Sonipes
819 778 978 827 iratus
1002 777 1110 827 sero

66 848 316 901 Auxilium
340 849 485 912 petiit
509 847 751 904 hominia,
779 861 927 911 quem
952 847 1099 897 dorso
1122 847 1291 898 levans

66 918 214 968 Redit
238 917 296 967 ad
322 917 531 968 hostem.
581 916 731 966 Iactis
754 916 887 969 hunc
909 917 1026 967 telis
1050 932 1203 983 eques

3 1023 9 1056 3
66 988 330 1054 Postquam
353 988 629 1043 interfecit,
658 988 731 1037 sic
755 986 950 1038 locutus
975 988 1214 1037 traditur:

66 1059 245 1108 Laetor
269 1057 442 1107 tulisse
469 1056 705 1107 auxilium
729 1072 807 1107 me
832 1057 1067 1122 precihus
1090 1060 1217 1116 tuis;

66 1128 190 1178 Nam
214 1127 450 1194 praedam
475 1129 585 1192 cepi
612 1133 662 1176 et
686 1127 864 1185 didici,
892 1143 1040 1193 quam
1064 1129 1132 1178 sis
1156 1128 1319 1187 utilis:

66 1199 226 1264 Atque
253 1200 323 1247 ita
348 1198 512 1262 coegit
534 1197 702 1247 frenos
724 1198 935 1247 invitum
958 1200 1078 1263 pati.

69 1268 196 1318 Tum
220 1273 434 1318 maestus
458 1267 572 1317 ille:
622 1267 808 1317 Parvae
832 1267 1101 1318 vindictam
1125 1270 1202 1318 rei

69 1338 205 1388 Dum
221 1352 405 1403 quaero
432 1337 659 1394 demens,
687 1338 978 1387 servitutem
1003 1339 1226 1403 repperi.

135 1408 268 1458 Haec
293 1406 559 1457 iracundos
585 1405 871 1456 admonebit
893 1406 1084 1456 fabula:

66 1477 255 1544 Inpune
280 1479 446 1543 potius
473 1476 603 1526 laedi
628 1492 778 1541 quam
805 1476 919 1525 dedi
947 1477 1106 1526 alteri.

663 1602 983 1679 FABvLA
1016 1603 1079 1653 V.

749 1684 997 1726 POETA.

136 1757 250 1806 Plus
276 1771 383 1806 esse
407 1758 462 1806 in
485 1771 585 1817 uno
611 1770 757 1820 saepe
783 1770 931 1820 quam
955 1757 1010 1804 in
1035 1755 1182 1805 turba
1208 1755 1342 1813 boni,

67 1826 360 1876 Narratione
385 1826 598 1891 posteris
622 1825 814 1874 tradam
838 1823 996 1875 brevi.

140 1895 350 1954 Quidam
374 1895 619 1946 decedens
643 1900 747 1944 tres
771 1892 975 1959 reliquit
997 1895 1147 1944 filias:

65 1968 220 2017 Vnam
243 1967 509 2016 formosam
535 1971 584 2015 et
610 1964 766 2014 oculis
789 1969 1050 2014 venantem
1074 1966 1235 2023 viros;

68 2037 127 2086 At
152 2036 356 2086 alteram
379 2036 624 2086 lanificam
649 2040 699 2084 et
722 2035 881 2098 frugi,
908 2035 1172 2092 rusticam;

66 2106 300 2156 Devotam
323 2108 438 2156 vino
462 2107 663 2155 tertiam
690 2110 738 2154 et
763 2105 1114 2168 turpissimam.

66 2176 253 2225 Harum
278 2182 442 2226 autem
465 2181 675 2225 matrem
698 2174 819 2224 fecit
842 2173 1079 2223 heredem
1107 2189 1259 2224 senex

68 2245 169 2295 Sub
196 2244 514 2303 condicione,
538 2251 691 2294 totam
713 2250 769 2293 ut
792 2245 1038 2294 fortunam
1063 2244 1226 2294 tribus

66 2315 349 2380 Aequaliter
375 2314 663 2372 distribuat,
693 2314 779 2364 sed
804 2314 892 2363 tali
916 2314 1087 2364 modo:

66 2385 137 2435 Ne
165 2385 276 2435 data
300 2385 585 2451 possideant
609 2390 692 2434 aut
715 2385 970 2442 fruantur;
998 2391 1126 2440 tum,
1155 2385 1299 2434 simul

67 2454 262 2504 Habere
287 2470 368 2505 res
395 2454 658 2511 desierint,
687 2470 809 2520 quas
834 2456 1132 2519 acceperint,

67 2525 283 2574 Centena
307 2527 455 2574 matri
482 2525 737 2573 conferant
762 2527 1007 2573 sestertia.

66 2594 282 2643 Athenas
307 2609 476 2644 rumor
501 2594 674 2659 inplet.
725 2593 880 2642 Mater
905 2594 1076 2642 sedula

65 2663 196 2713 luris
220 2665 408 2729 peritos
434 2663 670 2720 consulit;
697 2678 842 2712 nemo
868 2663 1083 2728 expedit,

66 2732 172 2790 Quo
199 2740 340 2798 pacto
364 2749 462 2783 non
488 2733 799 2798 possideant,
827 2733 956 2798 quod
983 2734 1134 2782 suerit
1160 2733 1341 2790 datum,

67 2803 364 2853 Fructumve
392 2805 610 2868 capiant;
640 2802 817 2853 deinde
843 2819 969 2868 quae
995 2803 1201 2853 tulerint
1224 2804 1367 2861 nihil,

67 2871 283 2928 Quanam
310 2875 502 2923 ratione
529 2874 787 2923 conserant
812 2875 1091 2938 pecuniam.

152 2963 413 3001 PRAEDRVS.
1293 2954 1326 3005 3

1639 299 1667 339 0⁸

1608 2390 1663 2433 10

1608 2739 1659 2781 15
