1940 3072
733 160 1096 212 -43-

6 290 43 333 ιο
72 276 161 330 ille
201 277 381 329 autem
420 274 620 329 Oceani
658 279 872 330 tantum
911 277 1184 330 descendit
1220 277 1279 330 in
1318 289 1537 347 aequor,

72 352 331 421 quantum
371 349 439 404 ab
478 350 720 404 caeruleo
762 350 929 404 distat
967 369 1160 404 cancro
1200 351 1546 420 capricornus

70 426 124 478 et
161 442 320 493 quam
359 423 562 477 mustus
600 424 731 476 item
771 427 873 493 est,
912 425 1006 478 ubi
1045 424 1260 495 gurgite
1299 425 1527 493 protulit
1559 427 1753 493 ortum,

0 525 1 550 ι
69 500 255 551 tantus
294 497 352 549 in
389 496 642 550 aduersas
680 498 867 551 itidem
907 501 990 551 est
1028 517 1149 552 cum
1188 498 1388 551 labitur
1426 498 1596 552 undas

0 574 1 616 ἓ
71 571 309 642 signifer.
384 571 440 624 in
479 572 655 641 spatio
665 613 678 640 ‚
719 574 980 642 quantum
1020 572 1299 625 deducitur
1337 589 1461 624 orae

6 659 38 702 55
70 645 304 699 ambitus
343 647 632 714 extremae,
670 646 856 714 puncti
894 646 1010 699 uice
1047 648 1192 699 terra
1231 646 1458 699 locanda
1498 649 1594 699 est.

68 719 209 772 unde
249 718 390 772 acies
431 719 597 773 oculis
637 737 759 773 cum
796 719 1059 788 tenditur,
1097 719 1231 773 haec
1271 738 1480 789 quoque
1520 720 1707 788 puncti

71 793 249 846 sedem
286 793 466 847 habet.
542 793 646 847 hoc
685 794 839 864 signo
877 793 1146 862 procurrit
1183 793 1348 846 missa
1385 812 1482 862 per
1523 812 1679 846 auras

71 866 317 936 signiferi
354 867 413 920 in
452 886 732 920 summum.
808 867 986 921 medio
1028 867 1091 920 de
1129 867 1347 919 tramite
1388 867 1554 935 siquis

71 940 271 1011 dirigat
311 941 531 995 obtutus
571 941 730 1011 agilis
768 942 956 1010 procul
994 941 1200 1010 hosque
1239 941 1479 994 locorum

6 1032 41 1073 ιο
73 1014 309 1068 defessos
349 1016 512 1085 longo
554 1015 730 1085 spatio
768 1020 919 1068 tener
959 1016 1200 1083 amputet
1239 1033 1347 1066 aer:

71 1088 149 1155 id,
190 1089 328 1158 quod
367 1091 606 1143 contenti
636 1090 791 1142 ‘uisus
832 1089 1187 1157 abscinditur,
1227 1088 1390 1155 ultro,

74 1162 216 1233 siqui
254 1163 311 1216 in
350 1163 596 1233 signiferi
633 1163 877 1233 patulum
917 1162 1257 1217 circumferat
1297 1163 1504 1231 orbem,

74 1255 167 1290 sex
207 1237 299 1290 olli
337 1238 510 1307 partis
549 1254 777 1307 magnae
816 1237 965 1291 dabit
1004 1237 1235 1290 ambitus
1278 1254 1417 1289 orae.

74 1314 160 1364 ast
196 1311 300 1364 hae
339 1311 584 1365 dimensa
623 1312 784 1380 spatii
824 1312 899 1365 sic
936 1312 1055 1381 lege
1093 1311 1341 1364 locantur

73 1385 305 1455 binaque
345 1385 536 1439 decisis
576 1386 858 1439 includunt
895 1385 1141 1454 partibus
1182 1388 1343 1437 astra.

74 1459 167 1511 olli
207 1476 396 1512 cancer
433 1460 596 1528 inest,
635 1460 719 1512 leo
759 1459 1068 1528 flammifer,
1107 1457 1292 1511 Attica
1329 1458 1509 1528 uirgo,

72 1532 294 1586 brachia
333 1537 459 1586 sunt
496 1534 684 1587 itidem
726 1533 999 1587 chelarum
1039 1535 1094 1585 et
1133 1533 1374 1601 scorpius
1414 1532 1553 1601 ipse,

73 1607 417 1676 arquitenens
427 1649 440 1675 ,
481 1611 696 1661 saetosa
735 1608 926 1660 dehinc
966 1607 1169 1675 species
1211 1606 1510 1675 capricorni

72 1680 330 1750 uoluitur,
370 1685 615 1734 auratam
653 1682 929 1750 protendit
968 1681 1220 1750 aquarius
1260 1699 1474 1748 urnam,

10 1771 42 1811 0
73 1757 188 1807 tum
228 1754 333 1808 duo
376 1758 501 1808 sunt
538 1755 734 1825 pisces,
775 1755 912 1808 aries
951 1758 1139 1808 taurus
1180 1754 1498 1824 geminique.

73 1829 158 1882 his
199 1845 254 1881 se
293 1829 378 1882 bis
421 1830 560 1882 senis
601 1830 684 1883 sol
724 1829 975 1882 admouet
1012 1828 1200 1896 hisque
1239 1845 1516 1880 recurrens

75 1902 322 1956 omnibus
364 1903 600 1957 absoluit
637 1906 785 1956 totos
825 1902 1139 1971 reparabilis
1182 1919 1365 1954 annos.

75 1994 234 2045 quem
274 1995 394 2029 cum
435 1977 682 2047 signiferi
722 1976 966 2047 graditur
1005 1976 1086 2028 sol
1126 1993 1318 2027 aureus
1360 1975 1565 2044 orbem,

75 2050 289 2120 singula
327 2051 633 2122 frugiparos
675 2051 931 2105 attollunt
968 2053 1214 2118 tempora
1253 2049 1450 2102 uultuS.

196 2289 309 2329 1034
342 2298 447 2330 orae
478 2298 503 2329 v
536 2285 678 2329 horae
719 2284 844 2328 VAe
953 2287 1065 2327 1036
1099 2282 1245 2327 oculis
1286 2281 1372 2325 VA
1404 2281 1527 2326 oculi
1559 2281 1763 2338 Scaliyer

74 2343 136 2387 ad
168 2343 337 2389 Manil.
372 2345 407 2387 I
436 2347 526 2389 554
649 2348 760 2388 1037
793 2344 882 2387 hoc
913 2355 939 2387 v
970 2355 1053 2387 mn.
1097 2341 1166 2385 Ve
1196 2340 1245 2385 in
1276 2340 1322 2383 A
1444 2345 1557 2385 1039
1590 2340 1764 2397 dirigat

74 2403 120 2446 A
152 2403 336 2460 derigat
376 2403 419 2446 V
548 2407 660 2447 1040
693 2401 897 2447 defessos
929 2417 949 2445 e
981 2401 1192 2445 defensos
1234 2399 1319 2442 VA
1350 2401 1364 2456 ΙΙ
1394 2401 1525 2444 tener
1566 2399 1609 2442 V
1635 2400 1767 2460 tenet

76 2461 121 2505 A
214 2467 325 2507 1041
360 2461 644 2506 abscinditur
685 2462 729 2505 V
755 2459 1010 2505 absciditur
1040 2461 1085 2503 A
1179 2463 1291 2502 1043
1326 2471 1404 2502 sex
1435 2472 1460 2501 v
1493 2458 1562 2501 Ex
1597 2457 1721 2501 VAe
1751 2462 1765 2513 ιΙ

76 2533 183 2564 orae
222 2535 248 2565 υ
287 2522 428 2566 horae
478 2520 601 2564 VAe
724 2524 838 2563 1044
881 2520 969 2563 hae
1009 2518 1218 2562 dimensa
1265 2517 1309 2561 V
1344 2516 1484 2561 hoedi
1523 2530 1682 2560 mensa
1719 2518 1765 2559 A

82 2583 194 2623 1045
226 2579 430 2636 binaque
462 2579 508 2623 A
538 2579 648 2623 bina
689 2579 766 2635 Vn
790 2578 1035 2621 includunt
1065 2591 1090 2620 v
1122 2576 1365 2620 includant
1410 2575 1529 2619 VAe
1651 2579 1765 2619 1046

76 2637 324 2682 flammifer
355 2653 377 2683 e
407 2638 590 2682 famifer
632 2638 675 2681 V
702 2637 899 2681 flamifer
931 2636 975 2679 A
1077 2640 1188 2679 1049
1227 2634 1431 2679 uoluitur
1471 2633 1514 2676 V
1541 2633 1630 2677 Vel
1662 2647 1766 2677 cum

78 2710 258 2741 summa
302 2698 425 2756 estas
469 2696 628 2752 coquit
666 2698 719 2741 i‘n
749 2696 956 2741 uoluitur
986 2695 1184 2739 mutauit
1214 2706 1379 2737 manus
1409 2696 1434 2735 1
1469 2693 1515 2735 A
1546 2693 1766 2736 librarius

74 2768 162 2810 pro
191 2759 381 2800 u.1049
413 2757 663 2801 iteratwrus
694 2760 792 2800 erat
822 2768 866 2797 u.
907 2758 997 2799 999
1123 2756 1234 2796 1051
1275 2751 1347 2794 his
1388 2765 1435 2795 se
1475 2750 1546 2794 bis
1587 2750 1706 2795 senis
1746 2765 1767 2795 e

78 2812 337 2859 His-saebis
370 2815 491 2859 senis
532 2814 576 2858 V
601 2814 685 2858 His
717 2827 764 2858 se
796 2812 993 2857 bissenis
1026 2812 1071 2855 A
1094 2811 1110 2868 Η
1136 2811 1356 2855 admouet
1387 2809 1430 2851 V
1457 2812 1693 2854 ammouet
1721 2811 1766 2853 A

81 2876 194 2917 1053
228 2887 366 2928 quem
400 2873 589 2919 Grotius
621 2885 739 2929 quae
782 2871 867 2915 VA
930 2875 1044 2915 1054
1074 2869 1333 2926 frugiparos
1375 2867 1418 2911 V
1444 2867 1689 2924 frugiferos
1722 2869 1766 2912 A
