1940 3072
99 290 184 330 510

95 1028 181 1069 520

93 1396 178 1436 525

93 1766 179 1806 530

93 2134 178 2174 535

876 111 943 118 ,,.
1024 82 1242 135 22-

218 200 439 254 aethera
474 217 790 270 percurrens
829 217 1125 269 numquam
1163 198 1530 269 Cynosuridos
1571 216 1727 253 ursae

218 275 435 358 segnior
473 274 540 327 ab
581 275 739 344 lapsu
778 272 1132 342 conuertitur,
1170 273 1307 327 haut
1344 275 1532 343 procul
1572 276 1719 328 astro

215 348 364 401 uisus
405 347 548 417 equi,
589 364 786 418 magno
826 348 1029 401 celsum
1069 350 1217 402 secat
1256 366 1382 401 aera
1420 350 1588 402 motu.

215 422 427 491 parcior
463 421 554 475 hic
591 422 786 474 rutilae
827 439 1036 491 semper
1072 422 1230 491 faciS,
1267 421 1484 492 indigus
1524 422 1669 493 ignis

216 498 489 564 spectatur
526 496 670 549 iusti.
746 514 875 548 nam
914 496 1102 565 quanti
1139 496 1359 549 luminis
1401 467 1580 549 astra³=³

215 587 330 622 esse
371 570 568 639 solent,
609 570 777 623 aciem
817 569 1012 639 quibus
1053 588 1216 623 aurea
1253 571 1384 623 luna
1420 570 1679 639 retundit,

215 643 452 696 marcida
490 643 721 714 lanigeri
759 646 973 696 tantum
1014 662 1070 697 se
1109 644 1284 697 forma
1323 644 1422 696 sub
1463 662 1619 697 auras

214 718 402 782 exerit,
441 717 498 770 in
536 717 688 770 tenui
728 736 1053 787 quamquam
1091 717 1386 787 primordia
1423 717 1677 771 Phoeben

213 792 340 844 orbe
379 791 617 844 habeant
654 791 908 860 nulloque
948 791 1106 845 decus
1147 792 1245 844 dea
1282 792 1526 861 proferat
1565 811 1671 845 ore.

213 865 305 918 sed
344 865 471 918 licet
506 866 649 918 hunc
689 865 856 918 oculis
895 866 1097 919 frustra
1137 869 1336 919 sectere
1376 883 1471 935 per
1511 866 1778 934 aethram,

211 958 338 992 nam
380 957 590 1008 semper
627 939 860 1009 propriis
901 943 1048 992 caret
1086 940 1328 1010 ignibus:
1369 958 1434 992 en
1473 939 1575 992 tibi
1614 943 1835 1009 propter

211 1013 587 1066 Andromedae
628 1015 772 1066 claro
813 1013 1095 1066 rutilantia
1134 1014 1353 1083 cingula
1391 1014 1449 1065 in
1489 1016 1638 1066 astro

216 1088 572 1156 suspectanda
608 1089 812 1156 patent.
889 1091 1051 1141 uocat
1089 1088 1281 1157 ingens
1320 1088 1534 1140 balteus
1574 1088 1716 1141 ultro

213 1164 576 1230 quaerentem.
651 1180 762 1215 non
801 1162 966 1232 longa
1006 1161 1146 1215 aries
1189 1162 1420 1215 statione
1460 1162 1668 1214 locatus

211 1235 267 1287 in
309 1253 550 1288 conuexa
589 1235 748 1303 redit,
787 1253 956 1304 paruo
996 1254 1052 1288 se
1091 1236 1308 1288 tramite
1349 1236 1534 1288 subter

212 1309 431 1361 distinet
471 1312 525 1362 et
564 1309 740 1361 medio
782 1309 991 1362 caelum
1031 1309 1166 1362 citus
1209 1310 1394 1363 ordine
1434 1310 1620 1374 currit,

211 1383 403 1435 ultima
442 1383 716 1436 chelarum
756 1401 862 1451 qua
900 1383 1122 1436 brachia
1161 1401 1370 1452 quaque
1409 1401 1633 1437 corusco

211 1457 437 1509 circulus
479 1475 575 1509 axe
614 1474 798 1509 means
837 1458 1058 1509 rutilum
1097 1461 1244 1510 secat
1284 1457 1501 1510 Oriona.

284 1530 387 1583 Est
424 1531 589 1583 etiam
629 1529 791 1583 Graio
833 1530 975 1600 quod
1015 1548 1225 1601 semper
1263 1531 1478 1584 nomine
1516 1531 1690 1583 nostri

211 1604 504 1657 deltoton
542 1606 859 1657 memorant.
936 1604 1110 1657 simile
1148 1605 1206 1657 in
1245 1605 1388 1657 latus
1428 1604 1573 1657 istud
1612 1608 1900 1676 utrumque

211 1678 533 1748 porrigitur,
573 1696 841 1731 summum
882 1678 1038 1747 signo
1079 1681 1240 1747 caput
1279 1678 1508 1749 angulus
1550 1681 1694 1732 artat

213 1755 267 1804 et
306 1752 507 1822 gemini
547 1769 799 1821 suprema
837 1752 952 1822 iugi
991 1752 1190 1805 uicinia
1228 1753 1454 1805 mordet.

210 1826 373 1878 tertia
413 1843 546 1894 quae
587 1829 793 1878 stantes
835 1829 1105 1879 sustentat
1142 1827 1285 1879 linea
1325 1826 1513 1879 ductus
1524 1868 1538 1895 ‚

210 1900 446 1969 parcior,
484 1900 617 1952 haut
656 1899 821 1952 simili
861 1918 975 1952 sese
1016 1900 1114 1952 sub
1153 1901 1323 1953 limite
1363 1900 1538 1952 tendit

213 1977 266 2026 et
306 1976 583 2026 contracta
620 1973 840 2025 modum
879 1974 1096 2043 gemina
1133 1973 1250 2027 face
1287 1974 1741 2043 flammigerarum

212 2047 490 2100 stellarum
531 2049 761 2115 superat.
840 2048 970 2115 quin
1010 2050 1063 2100 et
1102 2066 1207 2117 qua
1248 2048 1433 2101 subter
1470 2049 1524 2101 in
1565 2051 1709 2102 astro

211 2120 383 2173 lanati
422 2124 663 2173 marcent
701 2121 910 2189 pecoris
949 2121 1239 2191 pluuioque
1278 2124 1559 2192 tepescunt

328 2328 414 2368 510
454 2324 513 2367 ab
551 2324 687 2382 lapsu
717 2326 762 2369 A
802 2324 999 2382 ablapsu
1039 2325 1083 2368 V
1117 2325 1172 2379 cf.
1206 2325 1394 2369 Hermes
1428 2325 1531 2368 XV
1551 2340 1601 2381 p,
1634 2330 1727 2371 186
1757 2342 1803 2371 n.
1837 2332 1896 2372 64

210 2388 295 2428 513
330 2385 564 2439 spectatur
595 2385 891 2441 Vspectator
915 2384 959 2427 A
1038 2387 1121 2427 522
1154 2384 1335 2428 locatus
1371 2384 1455 2427 VA
1479 2386 1685 2429 remotus
1709 2386 1897 2431 Grotius

208 2444 265 2495 cf.
293 2443 479 2486 Hermes
513 2443 631 2486 XII
651 2458 701 2499 p.
737 2447 824 2488 154
854 2457 899 2488 n.
925 2447 984 2487 19
1071 2457 1115 2488 u.
1151 2446 1245 2488 527
1276 2443 1544 2487 inscribitur
1566 2442 1896 2489 DELTOTON

216 2501 299 2544 VA
422 2505 506 2546 528
547 2502 695 2547 simile
734 2502 784 2545 in
812 2502 935 2545 latus
968 2501 1014 2545 A
1045 2515 1157 2546 corr.
1201 2502 1245 2545 V
1270 2502 1326 2556 cf.
1360 2502 1547 2546 Hermes
1581 2502 1704 2545 XII
1726 2517 1774 2559 p.
1807 2508 1895 2550 154

209 2574 254 2603 oz.
286 2563 348 2604 20
500 2564 584 2605 529
626 2576 855 2605 summum
895 2573 1007 2605 corr.
1050 2561 1094 2603 V
1128 2575 1307 2605 summo
1340 2561 1385 2604 A
1533 2565 1617 2604 531
1652 2561 1816 2606 ductus
1858 2563 1902 2607 V

211 2619 373 2662 doctos
405 2618 450 2661 A
601 2625 685 2664 532
718 2621 834 2664 haut
872 2621 1048 2664 correoei
1086 2620 1212 2663 haud
1251 2635 1276 2663 v
1316 2620 1399 2663 aut
1435 2619 1550 2663 VAe
1580 2621 1595 2675 ΙΙ
1630 2620 1714 2663 sub
1745 2620 1896 2666 limite

209 2677 361 2721 tendit
399 2677 443 2720 V
477 2679 673 2723 sublime
707 2678 910 2723 tetendit
941 2678 986 2722 A
1078 2683 1162 2723 533
1196 2678 1383 2735 gemina
1414 2692 1439 2722 v
1471 2678 1681 2735 geminas
1720 2678 1787 2723 Ve
1818 2694 1895 2736 ge-

210 2735 348 2779 minis
373 2736 426 2837 1³24
518 2742 604 2781 534
636 2738 876 2782 stellarum
908 2738 953 2781 A
985 2737 1223 2782 stellerum
1255 2736 1297 2780 V
1387 2741 1471 2781 535
1503 2737 1681 2794 pecoris
1713 2738 1759 2781 A
1789 2753 1893 2795 pec-

212 2794 331 2837 coris
