<?xml version="1.0" encoding="UTF-8"?>
<!DOCTYPE html PUBLIC "-//W3C//DTD XHTML 1.0 Transitional//EN"
    "http://www.w3.org/TR/xhtml1/DTD/xhtml1-transitional.dtd">
<html xmlns="http://www.w3.org/1999/xhtml" xml:lang="en" lang="en">
 <head>
  <title>
</title>
<meta http-equiv="Content-Type" content="text/html;charset=utf-8" />
  <meta name='ocr-system' content='tesseract 3.04.00' />
  <meta name='ocr-capabilities' content='ocr_page ocr_carea ocr_par ocr_line ocrx_word'/>
</head>
<body>
  <div class='ocr_page' id='page_1' title='image "./phaedriaugustili00phaeuoft_0221.png"; bbox 0 0 1940 3072; ppageno 0'>
   <div class='ocr_carea' id='block_1_1' title="bbox 704 120 1124 160">
    <p class='ocr_par' dir='ltr' id='par_1_1' title="bbox 704 120 1124 160">
     <span class='ocr_line' id='line_1_1' title="bbox 704 120 1124 160; baseline 0 -1"><span class='ocrx_word' id='word_1_1' title='bbox 704 138 776 144; x_wconf 88' lang='lat'>—-</span> <span class='ocrx_word' id='word_1_2' title='bbox 852 120 978 160; x_wconf 88' lang='lat' dir='ltr'>XVII</span> <span class='ocrx_word' id='word_1_3' title='bbox 1057 135 1124 144; x_wconf 93' lang='grc'>-·-</span> 
     </span>
    </p>
   </div>
   <div class='ocr_carea' id='block_1_2' title="bbox 55 224 1763 2952">
    <p class='ocr_par' dir='ltr' id='par_1_2' title="bbox 62 224 1763 518">
     <span class='ocr_line' id='line_1_2' title="bbox 62 224 1763 309; baseline -0.002 -29"><span class='ocrx_word' id='word_1_4' title='bbox 62 227 206 280; x_wconf 86' lang='lat' dir='ltr'>haud</span> <span class='ocrx_word' id='word_1_5' title='bbox 241 244 433 296; x_wconf 84' lang='lat' dir='ltr'>parum</span> <span class='ocrx_word' id='word_1_6' title='bbox 466 226 684 296; x_wconf 89' lang='lat' dir='ltr'>arridet,</span> <span class='ocrx_word' id='word_1_7' title='bbox 721 229 905 279; x_wconf 87' lang='lat' dir='ltr'>tamen</span> <span class='ocrx_word' id='word_1_8' title='bbox 936 225 1079 294; x_wconf 91' lang='lat' dir='ltr'>quod</span> <span class='ocrx_word' id='word_1_9' title='bbox 1109 224 1309 278; x_wconf 92' lang='lat' dir='ltr'>Auieni</span> <span class='ocrx_word' id='word_1_10' title='bbox 1339 225 1467 278; x_wconf 89' lang='lat' dir='ltr'>libri</span> <span class='ocrx_word' id='word_1_11' title='bbox 1498 225 1763 309; x_wconf 73' lang='lat' dir='ltr'>praebent</span> 
     </span>
     <span class='ocr_line' id='line_1_3' title="bbox 62 297 1761 370; baseline -0.002 -16"><span class='ocrx_word' id='word_1_12' title='bbox 62 300 474 370; x_wconf 86' lang='lat' dir='ltr'>praeferendum</span> <span class='ocrx_word' id='word_1_13' title='bbox 514 318 631 353; x_wconf 91' lang='lat' dir='ltr'>esse</span> <span class='ocrx_word' id='word_1_14' title='bbox 671 317 877 353; x_wconf 86' lang='lat' dir='ltr'>censeo.</span> <span class='ocrx_word' id='word_1_15' title='bbox 953 317 1080 352; x_wconf 89' lang='lat' dir='ltr'>nam</span> <span class='ocrx_word' id='word_1_16' title='bbox 1112 297 1647 352; x_wconf 81' lang='lat' dir='ltr'>Lacedaemoniis</span> <span class='ocrx_word' id='word_1_17' title='bbox 1679 300 1761 352; x_wconf 94' lang='lat' dir='ltr'>ui-</span> 
     </span>
     <span class='ocr_line' id='line_1_4' title="bbox 63 372 1759 443; baseline -0.002 -15"><span class='ocrx_word' id='word_1_18' title='bbox 63 375 220 428; x_wconf 87' lang='lat' dir='ltr'>detur</span> <span class='ocrx_word' id='word_1_19' title='bbox 258 392 374 428; x_wconf 88' lang='lat' dir='ltr'>esse</span> <span class='ocrx_word' id='word_1_20' title='bbox 413 392 570 428; x_wconf 90' lang='lat' dir='ltr'>casus</span> <span class='ocrx_word' id='word_1_21' title='bbox 605 374 816 443; x_wconf 79' lang='lat' dir='ltr'>tertiuS,</span> <span class='ocrx_word' id='word_1_22' title='bbox 852 376 914 426; x_wconf 92' lang='lat' dir='ltr'>ut</span> <span class='ocrx_word' id='word_1_23' title='bbox 944 391 1063 426; x_wconf 84' lang='lat' dir='ltr'>eam</span> <span class='ocrx_word' id='word_1_24' title='bbox 1095 391 1283 427; x_wconf 91' lang='lat' dir='ltr'>uocem</span> <span class='ocrx_word' id='word_1_25' title='bbox 1317 375 1536 427; x_wconf 88' lang='lat' dir='ltr'>auctore</span> <span class='ocrx_word' id='word_1_26' title='bbox 1568 372 1759 426; x_wconf 85' lang='lat' dir='ltr'>Grotio</span> 
     </span>
     <span class='ocr_line' id='line_1_5' title="bbox 62 447 1376 518; baseline -0.002 -15"><span class='ocrx_word' id='word_1_27' title='bbox 62 466 184 503; x_wconf 87' lang='lat' dir='ltr'>cum</span> <span class='ocrx_word' id='word_1_28' title='bbox 222 447 548 518; x_wconf 90' lang='lat' dir='ltr'>Aphidnis</span> <span class='ocrx_word' id='word_1_29' title='bbox 589 448 843 518; x_wconf 88' lang='lat' dir='ltr'>coniungi</span> <span class='ocrx_word' id='word_1_30' title='bbox 881 465 1102 501; x_wconf 90' lang='lat' dir='ltr'>necesse</span> <span class='ocrx_word' id='word_1_31' title='bbox 1139 465 1252 500; x_wconf 92' lang='lat' dir='ltr'>non</span> <span class='ocrx_word' id='word_1_32' title='bbox 1291 448 1376 500; x_wconf 90' lang='lat' dir='ltr'>sit.</span> 
     </span>
    </p>

    <p class='ocr_par' dir='ltr' id='par_1_3' title="bbox 58 520 1758 1110">
     <span class='ocr_line' id='line_1_6' title="bbox 209 520 1758 592; baseline 0 -18"><span class='ocrx_word' id='word_1_33' title='bbox 209 521 326 575; x_wconf 89' lang='lat' dir='ltr'>Iam</span> <span class='ocrx_word' id='word_1_34' title='bbox 372 540 500 576; x_wconf 93' lang='lat' dir='ltr'>uero</span> <span class='ocrx_word' id='word_1_35' title='bbox 546 522 650 592; x_wconf 92' lang='lat' dir='ltr'>illi,</span> <span class='ocrx_word' id='word_1_36' title='bbox 698 522 791 591; x_wconf 93' lang='lat' dir='ltr'>qui</span> <span class='ocrx_word' id='word_1_37' title='bbox 838 540 888 575; x_wconf 94' lang='lat' dir='ltr'>u.</span> <span class='ocrx_word' id='word_1_38' title='bbox 927 520 1037 575; x_wconf 81' lang='lat'>582</span> <span class='ocrx_word' id='word_1_39' title='bbox 1085 539 1178 574; x_wconf 89' lang='lat' dir='ltr'>sex</span> <span class='ocrx_word' id='word_1_40' title='bbox 1226 521 1370 574; x_wconf 88' lang='lat' dir='ltr'>solas</span> <span class='ocrx_word' id='word_1_41' title='bbox 1411 539 1439 574; x_wconf 90' lang='lat' dir='ltr'>e</span> <span class='ocrx_word' id='word_1_42' title='bbox 1478 521 1758 575; x_wconf 88' lang='lat' dir='ltr'>Pleiadum</span> 
     </span>
     <span class='ocr_line' id='line_1_7' title="bbox 60 581 1758 665; baseline 0 -16"><span class='ocrx_word' id='word_1_43' title='bbox 60 613 286 650; x_wconf 90' lang='lat' dir='ltr'>numero</span> <span class='ocrx_word' id='word_1_44' title='bbox 325 597 473 650; x_wconf 89' lang='lat' dir='ltr'>cerni</span> <span class='ocrx_word' id='word_1_45' title='bbox 519 596 756 650; x_wconf 81' lang='lat' dir='ltr'>carmine</span> <span class='ocrx_word' id='word_1_46' title='bbox 803 581 1027 664; x_wconf 87' lang='lat' dir='ltr'>adserit,</span> <span class='ocrx_word' id='word_1_47' title='bbox 1077 613 1278 649; x_wconf 89' lang='lat' dir='ltr'>nomen</span> <span class='ocrx_word' id='word_1_48' title='bbox 1325 599 1410 649; x_wconf 92' lang='lat' dir='ltr'>est</span> <span class='ocrx_word' id='word_1_49' title='bbox 1448 594 1758 665; x_wconf 86' lang='lat' dir='ltr'>Minthes,</span> 
     </span>
     <span class='ocr_line' id='line_1_8' title="bbox 61 669 1758 741; baseline -0.001 -18"><span class='ocrx_word' id='word_1_50' title='bbox 61 670 203 741; x_wconf 90' lang='lat' dir='ltr'>quod</span> <span class='ocrx_word' id='word_1_51' title='bbox 241 673 386 724; x_wconf 87' lang='lat' dir='ltr'>recte</span> <span class='ocrx_word' id='word_1_52' title='bbox 423 671 649 740; x_wconf 89' lang='lat' dir='ltr'>praebet</span> <span class='ocrx_word' id='word_1_53' title='bbox 696 670 754 739; x_wconf 84' lang='lat' dir='ltr'>V,</span> <span class='ocrx_word' id='word_1_54' title='bbox 791 688 906 723; x_wconf 90' lang='lat' dir='ltr'>non</span> <span class='ocrx_word' id='word_1_55' title='bbox 944 669 1000 723; x_wconf 92' lang='lat' dir='ltr'>M</span> <span class='ocrx_word' id='word_1_56' title='bbox 1013 670 1275 738; x_wconf 81' lang='lat' dir='ltr'>yntheS,</span> <span class='ocrx_word' id='word_1_57' title='bbox 1315 670 1459 738; x_wconf 91' lang='lat' dir='ltr'>quod</span> <span class='ocrx_word' id='word_1_58' title='bbox 1498 671 1758 739; x_wconf 87' lang='lat' dir='ltr'>scriptum</span> 
     </span>
     <span class='ocr_line' id='line_1_9' title="bbox 60 741 1757 814; baseline -0.001 -17"><span class='ocrx_word' id='word_1_59' title='bbox 60 747 146 798; x_wconf 90' lang='lat' dir='ltr'>est</span> <span class='ocrx_word' id='word_1_60' title='bbox 189 745 248 797; x_wconf 92' lang='lat' dir='ltr'>in</span> <span class='ocrx_word' id='word_1_61' title='bbox 292 744 368 814; x_wconf 80' lang='lat' dir='ltr'>A,</span> <span class='ocrx_word' id='word_1_62' title='bbox 423 747 518 797; x_wconf 89' lang='lat' dir='ltr'>aut</span> <span class='ocrx_word' id='word_1_63' title='bbox 563 746 878 813; x_wconf 83' lang='lat' dir='ltr'>Amyntas</span> <span class='ocrx_word' id='word_1_64' title='bbox 934 747 1028 796; x_wconf 88' lang='lat' dir='ltr'>aut</span> <span class='ocrx_word' id='word_1_65' title='bbox 1075 741 1474 813; x_wconf 87' lang='lat' dir='ltr'>Smintheus,</span> <span class='ocrx_word' id='word_1_66' title='bbox 1528 762 1757 813; x_wconf 91' lang='lat' dir='ltr'>quorum</span> 
     </span>
     <span class='ocr_line' id='line_1_10' title="bbox 58 815 1756 887; baseline -0.001 -15"><span class='ocrx_word' id='word_1_67' title='bbox 58 818 338 872; x_wconf 88' lang='lat' dir='ltr'>nominum</span> <span class='ocrx_word' id='word_1_68' title='bbox 375 818 513 871; x_wconf 93' lang='lat' dir='ltr'>illud</span> <span class='ocrx_word' id='word_1_69' title='bbox 551 817 621 871; x_wconf 91' lang='lat' dir='ltr'>N.</span> <span class='ocrx_word' id='word_1_70' title='bbox 656 817 913 871; x_wconf 90' lang='lat' dir='ltr'>Heinsius</span> <span class='ocrx_word' id='word_1_71' title='bbox 922 858 937 887; x_wconf 91' lang='lat'>,</span> <span class='ocrx_word' id='word_1_72' title='bbox 981 818 1086 870; x_wconf 90' lang='lat' dir='ltr'>hoc</span> <span class='ocrx_word' id='word_1_73' title='bbox 1124 817 1164 871; x_wconf 93' lang='lat' dir='ltr'>I.</span> <span class='ocrx_word' id='word_1_74' title='bbox 1206 815 1610 871; x_wconf 85' lang='lat' dir='ltr'>Schaubachius</span> <span class='ocrx_word' id='word_1_75' title='bbox 1651 819 1756 870; x_wconf 90' lang='lat' dir='ltr'>sibi</span> 
     </span>
     <span class='ocr_line' id='line_1_11' title="bbox 60 890 1756 962; baseline -0.001 -17"><span class='ocrx_word' id='word_1_76' title='bbox 60 893 403 962; x_wconf 87' lang='lat' dir='ltr'>excogitauit.</span> <span class='ocrx_word' id='word_1_77' title='bbox 455 892 706 945; x_wconf 91' lang='lat' dir='ltr'>Minthen</span> <span class='ocrx_word' id='word_1_78' title='bbox 738 895 917 945; x_wconf 88' lang='lat' dir='ltr'>autem</span> <span class='ocrx_word' id='word_1_79' title='bbox 949 909 1065 945; x_wconf 90' lang='lat' dir='ltr'>esse</span> <span class='ocrx_word' id='word_1_80' title='bbox 1090 891 1334 961; x_wconf 90' lang='lat' dir='ltr'>eundem,</span> <span class='ocrx_word' id='word_1_81' title='bbox 1367 892 1458 961; x_wconf 92' lang='lat' dir='ltr'>qui</span> <span class='ocrx_word' id='word_1_82' title='bbox 1483 890 1756 945; x_wconf 86' lang='lat' dir='ltr'>Sminthes</span> 
     </span>
     <span class='ocr_line' id='line_1_12' title="bbox 59 964 1758 1036; baseline -0.001 -17"><span class='ocrx_word' id='word_1_83' title='bbox 59 969 220 1035; x_wconf 89' lang='lat' dir='ltr'>esset,</span> <span class='ocrx_word' id='word_1_84' title='bbox 257 966 366 1019; x_wconf 88' lang='lat' dir='ltr'>iam</span> <span class='ocrx_word' id='word_1_85' title='bbox 408 967 476 1019; x_wconf 90' lang='lat' dir='ltr'>ab</span> <span class='ocrx_word' id='word_1_86' title='bbox 519 967 637 1019; x_wconf 86' lang='lat' dir='ltr'>aliis</span> <span class='ocrx_word' id='word_1_87' title='bbox 676 967 1014 1019; x_wconf 85' lang='lat' dir='ltr'>intellectum</span> <span class='ocrx_word' id='word_1_88' title='bbox 1053 968 1136 1019; x_wconf 87' lang='lat' dir='ltr'>est</span> <span class='ocrx_word' id='word_1_89' title='bbox 1175 966 1239 1019; x_wconf 88' lang='lat' dir='ltr'>cf.</span> <span class='ocrx_word' id='word_1_90' title='bbox 1274 964 1332 1019; x_wconf 81' lang='lat' dir='ltr'>O.</span> <span class='ocrx_word' id='word_1_91' title='bbox 1364 966 1585 1036; x_wconf 86' lang='lat' dir='ltr'>Robert,</span> <span class='ocrx_word' id='word_1_92' title='bbox 1623 965 1758 1018; x_wconf 86' lang='lat' dir='ltr'>Era-</span> 
     </span>
     <span class='ocr_line' id='line_1_13' title="bbox 58 1039 1084 1110; baseline -0.002 -16"><span class='ocrx_word' id='word_1_93' title='bbox 58 1039 296 1094; x_wconf 83' lang='lat' dir='ltr'>tosthen.</span> <span class='ocrx_word' id='word_1_94' title='bbox 336 1043 586 1093; x_wconf 88' lang='lat' dir='ltr'>cataster.</span> <span class='ocrx_word' id='word_1_95' title='bbox 625 1041 780 1110; x_wconf 88' lang='lat' dir='ltr'>reliq.</span> <span class='ocrx_word' id='word_1_96' title='bbox 819 1059 869 1109; x_wconf 87' lang='lat' dir='ltr'>p.</span> <span class='ocrx_word' id='word_1_97' title='bbox 910 1040 980 1093; x_wconf 81' lang='lat'>28</span> <span class='ocrx_word' id='word_1_98' title='bbox 1007 1058 1084 1109; x_wconf 89' lang='lat' dir='ltr'>sq.</span> 
     </span>
    </p>

    <p class='ocr_par' dir='ltr' id='par_1_4' title="bbox 55 1113 1757 1923">
     <span class='ocr_line' id='line_1_14' title="bbox 206 1113 1757 1183; baseline 0.001 -17"><span class='ocrx_word' id='word_1_99' title='bbox 206 1113 382 1167; x_wconf 91' lang='lat' dir='ltr'>Venio</span> <span class='ocrx_word' id='word_1_100' title='bbox 438 1114 506 1168; x_wconf 89' lang='lat' dir='ltr'>ad</span> <span class='ocrx_word' id='word_1_101' title='bbox 560 1132 651 1168; x_wconf 90' lang='lat' dir='ltr'>eos</span> <span class='ocrx_word' id='word_1_102' title='bbox 707 1115 879 1182; x_wconf 77' lang='lat' dir='ltr'>locOS,</span> <span class='ocrx_word' id='word_1_103' title='bbox 939 1132 1072 1183; x_wconf 90' lang='lat' dir='ltr'>quos</span> <span class='ocrx_word' id='word_1_104' title='bbox 1128 1114 1414 1168; x_wconf 87' lang='lat' dir='ltr'>mutandos</span> <span class='ocrx_word' id='word_1_105' title='bbox 1471 1132 1588 1168; x_wconf 89' lang='lat' dir='ltr'>esse</span> <span class='ocrx_word' id='word_1_106' title='bbox 1637 1115 1757 1183; x_wconf 90' lang='lat' dir='ltr'>ipse</span> 
     </span>
     <span class='ocr_line' id='line_1_15' title="bbox 60 1187 1756 1257; baseline 0 -16"><span class='ocrx_word' id='word_1_107' title='bbox 60 1188 249 1242; x_wconf 89' lang='lat' dir='ltr'>sentio.</span> <span class='ocrx_word' id='word_1_108' title='bbox 326 1189 430 1241; x_wconf 89' lang='lat' dir='ltr'>etsi</span> <span class='ocrx_word' id='word_1_109' title='bbox 466 1189 524 1241; x_wconf 90' lang='lat' dir='ltr'>in</span> <span class='ocrx_word' id='word_1_110' title='bbox 563 1189 824 1257; x_wconf 87' lang='lat' dir='ltr'>producta</span> <span class='ocrx_word' id='word_1_111' title='bbox 862 1188 1075 1257; x_wconf 86' lang='lat' dir='ltr'>syllaba</span> <span class='ocrx_word' id='word_1_112' title='bbox 1112 1188 1292 1257; x_wconf 91' lang='lat' dir='ltr'>priore</span> <span class='ocrx_word' id='word_1_113' title='bbox 1331 1187 1586 1242; x_wconf 87' lang='lat' dir='ltr'>uocabuli</span> <span class='ocrx_word' id='word_1_114' title='bbox 1626 1192 1756 1241; x_wconf 91' lang='lat' dir='ltr'>sta-</span> 
     </span>
     <span class='ocr_line' id='line_1_16' title="bbox 57 1261 1753 1332; baseline 0.001 -18"><span class='ocrx_word' id='word_1_115' title='bbox 57 1262 194 1331; x_wconf 89' lang='lat' dir='ltr'>tim,</span> <span class='ocrx_word' id='word_1_116' title='bbox 232 1265 520 1332; x_wconf 72' lang='lat' dir='ltr'>postquam</span> <span class='ocrx_word' id='word_1_117' title='bbox 560 1281 622 1316; x_wconf 84' lang='lat' dir='ltr'>ea</span> <span class='ocrx_word' id='word_1_118' title='bbox 658 1263 722 1315; x_wconf 92' lang='lat' dir='ltr'>de</span> <span class='ocrx_word' id='word_1_119' title='bbox 752 1281 810 1316; x_wconf 90' lang='lat' dir='ltr'>re</span> <span class='ocrx_word' id='word_1_120' title='bbox 842 1262 1143 1331; x_wconf 88' lang='lat' dir='ltr'>disputauit</span> <span class='ocrx_word' id='word_1_121' title='bbox 1173 1261 1473 1315; x_wconf 88' lang='lat' dir='ltr'>Fridericus</span> <span class='ocrx_word' id='word_1_122' title='bbox 1506 1262 1753 1315; x_wconf 86' lang='lat' dir='ltr'>Ritsche-</span> 
     </span>
     <span class='ocr_line' id='line_1_17' title="bbox 57 1335 1756 1407; baseline 0.002 -20"><span class='ocrx_word' id='word_1_123' title='bbox 57 1335 164 1388; x_wconf 92' lang='lat' dir='ltr'>lius</span> <span class='ocrx_word' id='word_1_124' title='bbox 202 1336 261 1388; x_wconf 91' lang='lat' dir='ltr'>in</span> <span class='ocrx_word' id='word_1_125' title='bbox 300 1353 363 1389; x_wconf 93' lang='lat' dir='ltr'>eo</span> <span class='ocrx_word' id='word_1_126' title='bbox 402 1336 601 1405; x_wconf 94' lang='lat' dir='ltr'>libello,</span> <span class='ocrx_word' id='word_1_127' title='bbox 641 1337 733 1407; x_wconf 91' lang='lat' dir='ltr'>qui</span> <span class='ocrx_word' id='word_1_128' title='bbox 764 1335 1076 1389; x_wconf 76' lang='lat' dir='ltr'>inscribitur</span> <span class='ocrx_word' id='word_1_129' title='bbox 1106 1336 1172 1388; x_wconf 88' lang='lat' dir='ltr'>de</span> <span class='ocrx_word' id='word_1_130' title='bbox 1207 1337 1465 1389; x_wconf 90' lang='lat' dir='ltr'>fictilibus</span> <span class='ocrx_word' id='word_1_131' title='bbox 1499 1337 1756 1390; x_wconf 88' lang='lat' dir='ltr'>litteratis</span> 
     </span>
     <span class='ocr_line' id='line_1_18' title="bbox 57 1408 1757 1482; baseline 0.001 -20"><span class='ocrx_word' id='word_1_132' title='bbox 57 1408 268 1462; x_wconf 87' lang='lat' dir='ltr'>Latinis</span> <span class='ocrx_word' id='word_1_133' title='bbox 318 1410 706 1480; x_wconf 80' lang='lat' dir='ltr'>antiquissimis</span> <span class='ocrx_word' id='word_1_134' title='bbox 746 1408 966 1481; x_wconf 89' lang='lat' dir='ltr'>(Opusc.</span> <span class='ocrx_word' id='word_1_135' title='bbox 1004 1409 1083 1463; x_wconf 91' lang='lat' dir='ltr'>IV</span> <span class='ocrx_word' id='word_1_136' title='bbox 1122 1430 1174 1480; x_wconf 91' lang='lat' dir='ltr'>p.</span> <span class='ocrx_word' id='word_1_137' title='bbox 1214 1410 1323 1462; x_wconf 81' lang='lat'>274</span> <span class='ocrx_word' id='word_1_138' title='bbox 1348 1408 1510 1482; x_wconf 82' lang='lat' dir='ltr'>sqq),</span> <span class='ocrx_word' id='word_1_139' title='bbox 1558 1411 1757 1464; x_wconf 86' lang='lat' dir='ltr'>offendi</span> 
     </span>
     <span class='ocr_line' id='line_1_19' title="bbox 55 1483 1756 1553; baseline 0.002 -18"><span class='ocrx_word' id='word_1_140' title='bbox 55 1501 167 1538; x_wconf 90' lang='lat' dir='ltr'>non</span> <span class='ocrx_word' id='word_1_141' title='bbox 198 1483 374 1552; x_wconf 89' lang='lat' dir='ltr'>debet,</span> <span class='ocrx_word' id='word_1_142' title='bbox 404 1487 589 1537; x_wconf 85' lang='lat' dir='ltr'>tamen</span> <span class='ocrx_word' id='word_1_143' title='bbox 619 1503 670 1538; x_wconf 94' lang='lat' dir='ltr'>u.</span> <span class='ocrx_word' id='word_1_144' title='bbox 696 1484 802 1538; x_wconf 85' lang='lat'>398</span> <span class='ocrx_word' id='word_1_145' title='bbox 836 1487 1148 1553; x_wconf 87' lang='lat' dir='ltr'>corruptum</span> <span class='ocrx_word' id='word_1_146' title='bbox 1181 1502 1299 1537; x_wconf 91' lang='lat' dir='ltr'>esse</span> <span class='ocrx_word' id='word_1_147' title='bbox 1323 1485 1589 1538; x_wconf 91' lang='lat' dir='ltr'>existimo.</span> <span class='ocrx_word' id='word_1_148' title='bbox 1627 1503 1756 1538; x_wconf 89' lang='lat' dir='ltr'>nam</span> 
     </span>
     <span class='ocr_line' id='line_1_20' title="bbox 56 1557 1756 1628; baseline 0 -17"><span class='ocrx_word' id='word_1_149' title='bbox 56 1558 114 1611; x_wconf 91' lang='lat' dir='ltr'>in</span> <span class='ocrx_word' id='word_1_150' title='bbox 140 1557 243 1611; x_wconf 87' lang='lat' dir='ltr'>hoc</span> <span class='ocrx_word' id='word_1_151' title='bbox 274 1575 438 1611; x_wconf 89' lang='lat' dir='ltr'>uersu</span> <span class='ocrx_word' id='word_1_152' title='bbox 468 1561 651 1612; x_wconf 87' lang='lat' dir='ltr'>mouet</span> <span class='ocrx_word' id='word_1_153' title='bbox 681 1576 767 1611; x_wconf 91' lang='lat' dir='ltr'>me</span> <span class='ocrx_word' id='word_1_154' title='bbox 799 1576 966 1611; x_wconf 91' lang='lat' dir='ltr'>unum</span> <span class='ocrx_word' id='word_1_155' title='bbox 996 1558 1144 1626; x_wconf 92' lang='lat' dir='ltr'>illud,</span> <span class='ocrx_word' id='word_1_156' title='bbox 1176 1558 1320 1628; x_wconf 91' lang='lat' dir='ltr'>quod</span> <span class='ocrx_word' id='word_1_157' title='bbox 1353 1559 1574 1612; x_wconf 87' lang='lat' dir='ltr'>statim</span> <span class='ocrx_word' id='word_1_158' title='bbox 1598 1559 1756 1611; x_wconf 88' lang='lat' dir='ltr'>unius</span> 
     </span>
     <span class='ocr_line' id='line_1_21' title="bbox 58 1631 1757 1702; baseline 0.001 -18"><span class='ocrx_word' id='word_1_159' title='bbox 58 1631 309 1685; x_wconf 87' lang='lat' dir='ltr'>editionis</span> <span class='ocrx_word' id='word_1_160' title='bbox 355 1631 584 1685; x_wconf 85' lang='lat' dir='ltr'>Aldinae</span> <span class='ocrx_word' id='word_1_161' title='bbox 639 1633 960 1686; x_wconf 85' lang='lat' dir='ltr'>auctoritate</span> <span class='ocrx_word' id='word_1_162' title='bbox 1014 1632 1303 1701; x_wconf 88' lang='lat' dir='ltr'>probatum</span> <span class='ocrx_word' id='word_1_163' title='bbox 1356 1631 1642 1702; x_wconf 79' lang='lat' dir='ltr'>habemu83</span> <span class='ocrx_word' id='word_1_164' title='bbox 1697 1633 1757 1685; x_wconf 89' lang='lat' dir='ltr'>in</span> 
     </span>
     <span class='ocr_line' id='line_1_22' title="bbox 56 1705 1756 1776; baseline 0.002 -19"><span class='ocrx_word' id='word_1_165' title='bbox 56 1705 213 1758; x_wconf 86' lang='lat' dir='ltr'>libris</span> <span class='ocrx_word' id='word_1_166' title='bbox 277 1708 459 1759; x_wconf 88' lang='lat' dir='ltr'>autem</span> <span class='ocrx_word' id='word_1_167' title='bbox 513 1725 678 1759; x_wconf 90' lang='lat' dir='ltr'>manu</span> <span class='ocrx_word' id='word_1_168' title='bbox 734 1706 950 1776; x_wconf 90' lang='lat' dir='ltr'>scriptis</span> <span class='ocrx_word' id='word_1_169' title='bbox 1006 1709 1060 1759; x_wconf 92' lang='lat' dir='ltr'>et</span> <span class='ocrx_word' id='word_1_170' title='bbox 1113 1706 1169 1758; x_wconf 92' lang='lat' dir='ltr'>in</span> <span class='ocrx_word' id='word_1_171' title='bbox 1226 1706 1461 1759; x_wconf 89' lang='lat' dir='ltr'>editione</span> <span class='ocrx_word' id='word_1_172' title='bbox 1515 1707 1756 1776; x_wconf 89' lang='lat' dir='ltr'>principe</span> 
     </span>
     <span class='ocr_line' id='line_1_23' title="bbox 59 1779 1755 1850; baseline 0.001 -18"><span class='ocrx_word' id='word_1_173' title='bbox 59 1779 319 1849; x_wconf 88' lang='lat' dir='ltr'>scriptum</span> <span class='ocrx_word' id='word_1_174' title='bbox 358 1782 441 1833; x_wconf 88' lang='lat' dir='ltr'>est</span> <span class='ocrx_word' id='word_1_175' title='bbox 480 1780 683 1834; x_wconf 87' lang='lat' dir='ltr'>statio</span> <span class='ocrx_word' id='word_1_176' title='bbox 732 1781 1023 1850; x_wconf 85' lang='lat' dir='ltr'>mergite.</span> <span class='ocrx_word' id='word_1_177' title='bbox 1076 1780 1219 1849; x_wconf 90' lang='lat' dir='ltr'>quod</span> <span class='ocrx_word' id='word_1_178' title='bbox 1258 1798 1374 1833; x_wconf 89' lang='lat' dir='ltr'>cum</span> <span class='ocrx_word' id='word_1_179' title='bbox 1418 1798 1606 1834; x_wconf 91' lang='lat' dir='ltr'>uerum</span> <span class='ocrx_word' id='word_1_180' title='bbox 1638 1799 1755 1834; x_wconf 89' lang='lat' dir='ltr'>esse</span> 
     </span>
     <span class='ocr_line' id='line_1_24' title="bbox 58 1852 1754 1923; baseline 0.001 -17"><span class='ocrx_word' id='word_1_181' title='bbox 58 1857 317 1923; x_wconf 90' lang='lat' dir='ltr'>nequeat,</span> <span class='ocrx_word' id='word_1_182' title='bbox 364 1854 576 1908; x_wconf 88' lang='lat' dir='ltr'>haesito</span> <span class='ocrx_word' id='word_1_183' title='bbox 625 1873 695 1907; x_wconf 88' lang='lat' dir='ltr'>an</span> <span class='ocrx_word' id='word_1_184' title='bbox 739 1872 860 1907; x_wconf 91' lang='lat' dir='ltr'>cum</span> <span class='ocrx_word' id='word_1_185' title='bbox 898 1853 965 1907; x_wconf 90' lang='lat' dir='ltr'>N.</span> <span class='ocrx_word' id='word_1_186' title='bbox 1004 1852 1232 1907; x_wconf 88' lang='lat' dir='ltr'>Heinsio</span> <span class='ocrx_word' id='word_1_187' title='bbox 1274 1853 1616 1907; x_wconf 89' lang='lat' dir='ltr'>scribendum</span> <span class='ocrx_word' id='word_1_188' title='bbox 1658 1855 1754 1907; x_wconf 89' lang='lat' dir='ltr'>sit:</span> 
     </span>
    </p>

    <p class='ocr_par' dir='ltr' id='par_1_5' title="bbox 193 1926 1623 1998">
     <span class='ocr_line' id='line_1_25' title="bbox 193 1926 1623 1998; baseline 0.001 -18"><span class='ocrx_word' id='word_1_189' title='bbox 193 1931 309 1980; x_wconf 88' lang='lat' dir='ltr'>tum</span> <span class='ocrx_word' id='word_1_190' title='bbox 349 1928 557 1982; x_wconf 85' lang='lat' dir='ltr'>succisa</span> <span class='ocrx_word' id='word_1_191' title='bbox 597 1926 758 1982; x_wconf 86' lang='lat' dir='ltr'>Ceres</span> <span class='ocrx_word' id='word_1_192' title='bbox 801 1928 991 1981; x_wconf 87' lang='lat' dir='ltr'>strati</span> <span class='ocrx_word' id='word_1_193' title='bbox 1030 1945 1151 1980; x_wconf 89' lang='lat' dir='ltr'>cum</span> <span class='ocrx_word' id='word_1_194' title='bbox 1191 1928 1419 1998; x_wconf 88' lang='lat' dir='ltr'>mergite</span> <span class='ocrx_word' id='word_1_195' title='bbox 1459 1929 1623 1981; x_wconf 90' lang='lat' dir='ltr'>culmi</span> 
     </span>
    </p>

    <p class='ocr_par' dir='ltr' id='par_1_6' title="bbox 196 2002 541 2056">
     <span class='ocr_line' id='line_1_26' title="bbox 196 2002 541 2056; baseline 0.006 -2"><span class='ocrx_word' id='word_1_196' title='bbox 196 2002 541 2056; x_wconf 86' lang='lat' dir='ltr'>construitur.</span> 
     </span>
    </p>

    <p class='ocr_par' dir='ltr' id='par_1_7' title="bbox 58 2075 1754 2443">
     <span class='ocr_line' id='line_1_27' title="bbox 209 2075 1753 2146; baseline 0.001 -18"><span class='ocrx_word' id='word_1_197' title='bbox 209 2075 348 2138; x_wconf 82' lang='lat' dir='ltr'>Quid</span> <span class='ocrx_word' id='word_1_198' title='bbox 388 2094 515 2129; x_wconf 90' lang='lat' dir='ltr'>uero</span> <span class='ocrx_word' id='word_1_199' title='bbox 556 2077 659 2130; x_wconf 91' lang='lat' dir='ltr'>sibi</span> <span class='ocrx_word' id='word_1_200' title='bbox 701 2077 836 2129; x_wconf 89' lang='lat' dir='ltr'>uelit</span> <span class='ocrx_word' id='word_1_201' title='bbox 875 2096 924 2128; x_wconf 93' lang='lat' dir='ltr'>u.</span> <span class='ocrx_word' id='word_1_202' title='bbox 964 2076 1088 2145; x_wconf 84' lang='lat'>819,</span> <span class='ocrx_word' id='word_1_203' title='bbox 1125 2093 1237 2128; x_wconf 91' lang='lat' dir='ltr'>non</span> <span class='ocrx_word' id='word_1_204' title='bbox 1274 2076 1550 2146; x_wconf 87' lang='lat' dir='ltr'>intellego.</span> <span class='ocrx_word' id='word_1_205' title='bbox 1626 2095 1753 2130; x_wconf 90' lang='lat' dir='ltr'>nam</span> 
     </span>
     <span class='ocr_line' id='line_1_28' title="bbox 58 2151 1753 2220; baseline 0.001 -18"><span class='ocrx_word' id='word_1_206' title='bbox 58 2152 236 2219; x_wconf 85' lang='lat' dir='ltr'>poeta,</span> <span class='ocrx_word' id='word_1_207' title='bbox 254 2151 509 2220; x_wconf 88' lang='lat' dir='ltr'>quoniam</span> <span class='ocrx_word' id='word_1_208' title='bbox 534 2151 722 2205; x_wconf 87' lang='lat' dir='ltr'>stellas</span> <span class='ocrx_word' id='word_1_209' title='bbox 747 2151 872 2203; x_wconf 88' lang='lat' dir='ltr'>illas</span> <span class='ocrx_word' id='word_1_210' title='bbox 900 2151 1044 2203; x_wconf 92' lang='lat' dir='ltr'>inter</span> <span class='ocrx_word' id='word_1_211' title='bbox 1066 2151 1243 2203; x_wconf 86' lang='lat' dir='ltr'>cetum</span> <span class='ocrx_word' id='word_1_212' title='bbox 1260 2153 1315 2202; x_wconf 87' lang='lat' dir='ltr'>et</span> <span class='ocrx_word' id='word_1_213' title='bbox 1334 2151 1753 2219; x_wconf 88' lang='lat' dir='ltr'>gubernaculum</span> 
     </span>
     <span class='ocr_line' id='line_1_29' title="bbox 58 2223 1754 2294; baseline 0.001 -19"><span class='ocrx_word' id='word_1_214' title='bbox 58 2224 215 2276; x_wconf 88' lang='lat' dir='ltr'>nauis</span> <span class='ocrx_word' id='word_1_215' title='bbox 261 2225 361 2277; x_wconf 90' lang='lat' dir='ltr'>sub</span> <span class='ocrx_word' id='word_1_216' title='bbox 415 2225 598 2294; x_wconf 90' lang='lat' dir='ltr'>lepore</span> <span class='ocrx_word' id='word_1_217' title='bbox 651 2226 859 2294; x_wconf 86' lang='lat' dir='ltr'>positas</span> <span class='ocrx_word' id='word_1_218' title='bbox 914 2227 968 2276; x_wconf 93' lang='lat' dir='ltr'>et</span> <span class='ocrx_word' id='word_1_219' title='bbox 1019 2223 1224 2277; x_wconf 87' lang='lat' dir='ltr'>formae</span> <span class='ocrx_word' id='word_1_220' title='bbox 1277 2224 1619 2293; x_wconf 90' lang='lat' dir='ltr'>nominisque</span> <span class='ocrx_word' id='word_1_221' title='bbox 1670 2245 1754 2278; x_wconf 86' lang='lat' dir='ltr'>ex-</span> 
     </span>
     <span class='ocr_line' id='line_1_30' title="bbox 60 2298 1753 2367; baseline 0.001 -17"><span class='ocrx_word' id='word_1_222' title='bbox 60 2300 238 2366; x_wconf 90' lang='lat' dir='ltr'>pertes</span> <span class='ocrx_word' id='word_1_223' title='bbox 286 2298 450 2351; x_wconf 89' lang='lat' dir='ltr'>simili</span> <span class='ocrx_word' id='word_1_224' title='bbox 496 2299 613 2353; x_wconf 92' lang='lat' dir='ltr'>luce</span> <span class='ocrx_word' id='word_1_225' title='bbox 661 2317 777 2352; x_wconf 90' lang='lat' dir='ltr'>esse</span> <span class='ocrx_word' id='word_1_226' title='bbox 826 2300 880 2351; x_wconf 89' lang='lat' dir='ltr'>et</span> <span class='ocrx_word' id='word_1_227' title='bbox 921 2298 1039 2367; x_wconf 90' lang='lat' dir='ltr'>pari</span> <span class='ocrx_word' id='word_1_228' title='bbox 1077 2298 1238 2351; x_wconf 91' lang='lat' dir='ltr'>modo</span> <span class='ocrx_word' id='word_1_229' title='bbox 1280 2316 1342 2350; x_wconf 89' lang='lat' dir='ltr'>ac</span> <span class='ocrx_word' id='word_1_230' title='bbox 1380 2299 1584 2367; x_wconf 88' lang='lat' dir='ltr'>pariter</span> <span class='ocrx_word' id='word_1_231' title='bbox 1624 2300 1753 2351; x_wconf 91' lang='lat' dir='ltr'>oriri</span> 
     </span>
     <span class='ocr_line' id='line_1_31' title="bbox 63 2372 1752 2443; baseline 0.001 -19"><span class='ocrx_word' id='word_1_232' title='bbox 63 2374 116 2424; x_wconf 92' lang='lat' dir='ltr'>et</span> <span class='ocrx_word' id='word_1_233' title='bbox 154 2372 392 2426; x_wconf 87' lang='lat' dir='ltr'>occidere</span> <span class='ocrx_word' id='word_1_234' title='bbox 432 2374 693 2443; x_wconf 82' lang='lat' dir='ltr'>exposuit,</span> <span class='ocrx_word' id='word_1_235' title='bbox 734 2373 884 2425; x_wconf 87' lang='lat' dir='ltr'>addit</span> <span class='ocrx_word' id='word_1_236' title='bbox 912 2372 1062 2440; x_wconf 90' lang='lat' dir='ltr'>haec,</span> <span class='ocrx_word' id='word_1_237' title='bbox 1101 2390 1235 2441; x_wconf 87' lang='lat' dir='ltr'>quae</span> <span class='ocrx_word' id='word_1_238' title='bbox 1267 2373 1347 2425; x_wconf 89' lang='lat' dir='ltr'>ita</span> <span class='ocrx_word' id='word_1_239' title='bbox 1379 2375 1506 2425; x_wconf 89' lang='lat' dir='ltr'>sunt</span> <span class='ocrx_word' id='word_1_240' title='bbox 1536 2373 1594 2425; x_wconf 91' lang='lat' dir='ltr'>in</span> <span class='ocrx_word' id='word_1_241' title='bbox 1634 2373 1752 2426; x_wconf 81' lang='lat' dir='ltr'>VA:</span> 
     </span>
    </p>

    <p class='ocr_par' dir='ltr' id='par_1_8' title="bbox 60 2446 1751 2952">
     <span class='ocr_line' id='line_1_32' title="bbox 141 2446 1668 2516; baseline -0.001 -17"><span class='ocrx_word' id='word_1_242' title='bbox 141 2463 241 2499; x_wconf 86' lang='lat' dir='ltr'>nec</span> <span class='ocrx_word' id='word_1_243' title='bbox 281 2447 612 2516; x_wconf 86' lang='lat' dir='ltr'>expectanda</span> <span class='ocrx_word' id='word_1_244' title='bbox 650 2448 829 2500; x_wconf 91' lang='lat' dir='ltr'>forent</span> <span class='ocrx_word' id='word_1_245' title='bbox 866 2450 1031 2515; x_wconf 91' lang='lat' dir='ltr'>ponto</span> <span class='ocrx_word' id='word_1_246' title='bbox 1072 2446 1214 2514; x_wconf 91' lang='lat' dir='ltr'>quod</span> <span class='ocrx_word' id='word_1_247' title='bbox 1256 2446 1372 2499; x_wconf 89' lang='lat' dir='ltr'>sola</span> <span class='ocrx_word' id='word_1_248' title='bbox 1410 2451 1668 2498; x_wconf 85' lang='lat' dir='ltr'>carerent.</span> 
     </span>
     <span class='ocr_line' id='line_1_33' title="bbox 62 2519 1751 2590; baseline 0.001 -19"><span class='ocrx_word' id='word_1_249' title='bbox 62 2519 254 2589; x_wconf 90' lang='lat' dir='ltr'>quodsi</span> <span class='ocrx_word' id='word_1_250' title='bbox 299 2521 418 2590; x_wconf 87' lang='lat' dir='ltr'>illa,</span> <span class='ocrx_word' id='word_1_251' title='bbox 465 2539 601 2590; x_wconf 86' lang='lat' dir='ltr'>quae</span> <span class='ocrx_word' id='word_1_252' title='bbox 649 2522 716 2574; x_wconf 91' lang='lat' dir='ltr'>ab</span> <span class='ocrx_word' id='word_1_253' title='bbox 757 2521 966 2573; x_wconf 91' lang='lat' dir='ltr'>Auieno</span> <span class='ocrx_word' id='word_1_254' title='bbox 1012 2519 1214 2572; x_wconf 85' lang='lat' dir='ltr'>tradita</span> <span class='ocrx_word' id='word_1_255' title='bbox 1261 2535 1377 2572; x_wconf 83' lang='lat' dir='ltr'>esse</span> <span class='ocrx_word' id='word_1_256' title='bbox 1423 2519 1582 2572; x_wconf 91' lang='lat' dir='ltr'>modo</span> <span class='ocrx_word' id='word_1_257' title='bbox 1626 2520 1751 2587; x_wconf 85' lang='lat' dir='ltr'>dixi,</span> 
     </span>
     <span class='ocr_line' id='line_1_34' title="bbox 60 2593 1749 2663; baseline 0 -18"><span class='ocrx_word' id='word_1_258' title='bbox 60 2594 452 2663; x_wconf 85' lang='lat' dir='ltr'>reputauimus,</span> <span class='ocrx_word' id='word_1_259' title='bbox 507 2595 653 2648; x_wconf 91' lang='lat' dir='ltr'>haud</span> <span class='ocrx_word' id='word_1_260' title='bbox 701 2595 811 2648; x_wconf 88' lang='lat' dir='ltr'>scio</span> <span class='ocrx_word' id='word_1_261' title='bbox 862 2612 931 2647; x_wconf 91' lang='lat' dir='ltr'>an</span> <span class='ocrx_word' id='word_1_262' title='bbox 979 2593 1331 2662; x_wconf 86' lang='lat' dir='ltr'>suspicemur,</span> <span class='ocrx_word' id='word_1_263' title='bbox 1385 2610 1504 2645; x_wconf 92' lang='lat' dir='ltr'>eum</span> <span class='ocrx_word' id='word_1_264' title='bbox 1552 2613 1603 2647; x_wconf 93' lang='lat' dir='ltr'>u.</span> <span class='ocrx_word' id='word_1_265' title='bbox 1642 2594 1749 2647; x_wconf 88' lang='grc'>819</span> 
     </span>
     <span class='ocr_line' id='line_1_35' title="bbox 61 2666 1750 2738; baseline 0.001 -20"><span class='ocrx_word' id='word_1_266' title='bbox 61 2666 233 2719; x_wconf 89' lang='lat' dir='ltr'>dicere</span> <span class='ocrx_word' id='word_1_267' title='bbox 278 2669 537 2738; x_wconf 90' lang='lat' dir='ltr'>uoluisse,</span> <span class='ocrx_word' id='word_1_268' title='bbox 585 2686 706 2722; x_wconf 88' lang='lat' dir='ltr'>cum</span> <span class='ocrx_word' id='word_1_269' title='bbox 751 2686 836 2721; x_wconf 92' lang='lat' dir='ltr'>res</span> <span class='ocrx_word' id='word_1_270' title='bbox 883 2668 963 2719; x_wconf 90' lang='lat' dir='ltr'>ita</span> <span class='ocrx_word' id='word_1_271' title='bbox 1010 2686 1066 2719; x_wconf 90' lang='lat' dir='ltr'>se</span> <span class='ocrx_word' id='word_1_272' title='bbox 1108 2667 1357 2734; x_wconf 87' lang='lat' dir='ltr'>haberet,</span> <span class='ocrx_word' id='word_1_273' title='bbox 1403 2667 1524 2719; x_wconf 85' lang='lat' dir='ltr'>illas</span> <span class='ocrx_word' id='word_1_274' title='bbox 1565 2667 1750 2719; x_wconf 86' lang='lat' dir='ltr'>stellas</span> 
     </span>
     <span class='ocr_line' id='line_1_36' title="bbox 63 2739 1750 2812; baseline 0.001 -21"><span class='ocrx_word' id='word_1_275' title='bbox 63 2739 253 2809; x_wconf 86' lang='lat' dir='ltr'>dignas</span> <span class='ocrx_word' id='word_1_276' title='bbox 291 2742 431 2811; x_wconf 91' lang='lat' dir='ltr'>fore,</span> <span class='ocrx_word' id='word_1_277' title='bbox 479 2759 615 2811; x_wconf 90' lang='lat' dir='ltr'>quae</span> <span class='ocrx_word' id='word_1_278' title='bbox 656 2743 1030 2812; x_wconf 90' lang='lat' dir='ltr'>spectarentur</span> <span class='ocrx_word' id='word_1_279' title='bbox 1068 2744 1122 2792; x_wconf 91' lang='lat' dir='ltr'>et</span> <span class='ocrx_word' id='word_1_280' title='bbox 1161 2741 1599 2809; x_wconf 85' lang='lat' dir='ltr'>obseruarentur,</span> <span class='ocrx_word' id='word_1_281' title='bbox 1645 2742 1750 2793; x_wconf 91' lang='lat' dir='ltr'>nisi</span> 
     </span>
     <span class='ocr_line' id='line_1_37' title="bbox 61 2813 1749 2884; baseline 0.001 -19"><span class='ocrx_word' id='word_1_282' title='bbox 61 2813 238 2867; x_wconf 85' lang='lat' dir='ltr'>forma</span> <span class='ocrx_word' id='word_1_283' title='bbox 283 2818 431 2869; x_wconf 89' lang='lat' dir='ltr'>certa</span> <span class='ocrx_word' id='word_1_284' title='bbox 468 2820 727 2870; x_wconf 89' lang='lat' dir='ltr'>carerent.</span> <span class='ocrx_word' id='word_1_285' title='bbox 803 2834 867 2868; x_wconf 85' lang='lat' dir='ltr'>ex</span> <span class='ocrx_word' id='word_1_286' title='bbox 906 2814 984 2868; x_wconf 91' lang='lat' dir='ltr'>eis</span> <span class='ocrx_word' id='word_1_287' title='bbox 1024 2817 1226 2884; x_wconf 88' lang='lat' dir='ltr'>autem,</span> <span class='ocrx_word' id='word_1_288' title='bbox 1274 2832 1408 2883; x_wconf 85' lang='lat' dir='ltr'>quae</span> <span class='ocrx_word' id='word_1_289' title='bbox 1447 2814 1603 2867; x_wconf 92' lang='lat' dir='ltr'>nobis</span> <span class='ocrx_word' id='word_1_290' title='bbox 1643 2817 1749 2867; x_wconf 85' lang='lat' dir='ltr'>tra·</span> 
     </span>
     <span class='ocr_line' id='line_1_38' title="bbox 151 2901 1479 2952; baseline 0.003 -11"><span class='ocrx_word' id='word_1_291' title='bbox 151 2908 291 2942; x_wconf 80' lang='lat' dir='ltr'>Auieni</span> <span class='ocrx_word' id='word_1_292' title='bbox 316 2909 456 2943; x_wconf 79' lang='lat' dir='ltr'>Aratea</span> <span class='ocrx_word' id='word_1_293' title='bbox 479 2910 534 2945; x_wconf 80' lang='lat' dir='ltr'>ed.</span> <span class='ocrx_word' id='word_1_294' title='bbox 560 2910 730 2952; x_wconf 71' lang='lat' dir='ltr'>Brcysig.</span> <span class='ocrx_word' id='word_1_295' title='bbox 1450 2901 1479 2945; x_wconf 87' lang='lat' dir='ltr'>b</span> 
     </span>
    </p>
   </div>
  </div>
 </body>
</html>
