1940 3072
774 210 984 254 mnnx„
1035 180 1040 181 f

77 337 276 392 Tydides
305 338 419 380 vm
455 339 538 380 324
575 339 657 380 647
706 337 842 392 Tydi-

107 394 207 437 dem
236 395 303 438 IX
333 388 388 438 7'3
417 395 477 446 cf.
509 394 751 436 Diomedes

77 446 242 505 Tyriae
271 455 427 493 uestes
447 450 561 493 VIII
580 451 664 491 482
694 449 737 490 X
758 451 843 492 258

5 562 14 609 ⁶.
41 599 54 614 .>
74 537 390 606 bandalorum
406 576 487 604 rex
500 560 844 604 Guthamundus

106 619 199 663 Sat.
230 622 273 661 in
307 618 618 672 subscriptione

0 672 21 730 Ῐῗ
76 673 234 718 Uenus
263 676 312 718 11
331 677 388 717 45
419 674 494 728 (cf.
516 677 544 716 4
573 678 629 718 36
659 680 702 716 et
725 674 844 725 alibi)

38 744 40 746 '
105 731 173 773 VI
199 734 228 774 4
259 733 312 774 16
341 734 396 773 22
426 734 482 773 25
515 733 571 774 96
612 734 693 774 105
731 731 845 772 VIII

1 776 4 782 “
54 784 58 787 ’
105 789 162 830 36
191 790 248 831 64
275 790 358 830 229
381 790 465 830 472
485 801 580 842 sqq
612 787 655 826 x
675 788 730 828 52
750 800 843 841 sqq.

3 888 7 897 ⁴
67 877 70 879 >
107 840 189 886 122
205 847 288 887 218
303 846 387 887 269
400 846 482 887 587
497 843 700 886 Uulcani
716 855 844 884 amor

104 899 220 943 VIII
257 902 338 947 168
380 901 578 943 Ueneris
616 899 742 941 bella
775 899 843 940 IX

106 957 162 999 60
190 961 346 999 castra
374 955 440 998 VI
465 959 520 998 20
549 956 590 996 X
611 958 694 998 339
724 968 842 1008 myr-

106 1016 184 1054 tus
226 1013 340 1054 VIII
385 1015 467 1056 618
515 1026 632 1067 puer
673 1014 716 1054 X
758 1013 844 1053 460

2 1083 6 1087 ·
105 1069 326 1123 templum
371 1069 486 1111 VIII
533 1071 615 1111 451
673 1067 844 1109 Ueneri

23 1148 33 1152 κ
105 1124 194 1166 VII
236 1127 315 1166 144
362 1126 581 1167 Uenerem
620 1124 664 1166 II
701 1126 757 1166 48
802 1124 843 1164 Χ

107 1183 162 1224 82
184 1182 267 1224 596
289 1194 380 1223 non
406 1182 520 1223 furit
549 1182 597 1222 in
616 1181 844 1222 Uenerem

107 1238 305 1279 nondum
370 1238 644 1291 pubentibus
709 1237 843 1278 annis

75 1343 77 1346 ¹
106 1296 272 1336 iuuenis
303 1294 395 1336 Sat.
428 1296 511 1336 227

79 1349 305 1403 Uerginia
335 1350 376 1391 V
406 1352 490 1392 254

78 1405 353 1463 (Uergilius)
398 1408 475 1461 qui
511 1406 733 1447 Troianos
776 1405 843 1445 in-

106 1464 233 1504 uasit
276 1468 411 1504 nocte
453 1467 594 1518 poeta
631 1461 745 1503 VIII
791 1462 844 1502 19

108 1520 170 1572 ef
202 1521 258 1560 2ο
287 1522 340 1560 21
371 1521 426 1561 28
523 1542 527 1546 ,

79 1575 348 1618 Uestieolae
375 1576 571 1630 uirginis
591 1576 740 1617 matris
760 1576 845 1616 Ro-

106 1633 207 1673 muli
233 1632 324 1674 VII
354 1634 407 1673 22

64 1684 412 1730 ‘Uincemalos
450 1701 552 1730 reus
593 1693 642 1729 et
679 1687 846 1729 doctus

109 1743 201 1786 Sat.
231 1747 314 1786 302
353 1746 410 1796 cf.
451 1751 539 1786 not.
578 1747 707 1797 episc.
739 1745 843 1796 Afr.

109 1802 178 1846 ed.
202 1801 396 1845 Ruinart.
425 1798 616 1853 (Hister.
647 1813 845 1853 persecu-

107 1859 237 1898 tionis
286 1857 470 1899 Vandal.
518 1857 668 1898 Venet.
709 1855 845 1910 1732)

105 1927 152 1966 p.
185 1916 239 1954 59
269 1926 314 1958 98
359 1913 654 1955 Uincemalus
693 1914 846 1966 Bapa-

109 1970 257 2011 rensis
284 1976 327 2011 et
352 1984 396 2022 p.
418 1972 500 2011 176
523 1982 566 2015 98
602 1969 846 2010 Uincema-

107 2025 182 2067 lus
213 2026 509 2080 Baparensis.
556 2025 699 2067 codex
729 2026 846 2066 Lau-

108 2081 328 2124 dunensis
347 2082 640 2124 Uincemalos
662 2089 704 2123 et
725 2082 845 2123 Mor-

110 2139 268 2180 cellz'um
285 2139 467 2190 Africae
483 2139 744 2182 christianae
763 2141 846 2179 uol.

0 2184 8 2189 ἦ
43 2210 46 2212 ’
110 2193 140 2234 Ι
165 2209 208 2247 p.
239 2197 294 2235 97
319 2195 394 2236 sub
424 2197 672 2248 episcopatu
695 2195 846 2246 Βαρα-

109 2253 250 2292 rensi:
279 2250 589 2293 Uincernalus.
621 2252 670 2291 in
691 2251 845 2292 codice
883 2299 887 2302 ,

110 2305 411 2348 Laudunensi
448 2308 616 2361 reperit
653 2307 846 2348 Ruinar-

111 2363 203 2405 tius
212 2363 502 2405 Uincemalos
518 2377 633 2417 quae
645 2363 849 2417 appella·

112 2420 179 2461 tio
207 2420 247 2460 si
273 2419 589 2462 Africanorum
610 2421 847 2473 ingenium

1589 208 1689 262 101

957 341 1004 380 et
1014 336 1388 380 consuetudinem
1400 340 1586 392 spectes
1594 350 1697 391 pro-

956 392 1154 436 babilior
1190 394 1338 435 uideri
1369 393 1526 435 debet:
1574 406 1696 434 sum-

956 454 1084 504 ptam
1130 450 1250 491 enim
1297 451 1442 493 sacris
1482 463 1507 492 e
1543 450 1694 492 literis

960 506 1225 548 crediderim
1247 507 1327 548 ubi
1357 507 1566 548 iubemur
1596 507 1695 547 uin-

960 575 1063 604 cere
1092 563 1141 603 in
1169 563 1288 604 bono
1308 563 1478 604 malum
1504 563 1581 614 (ad
1604 563 1698 604 Ro-

957 632 1079 660 man.
1132 618 1220 659 XII
1269 618 1358 671 21).
1436 619 1513 661 hic
1561 631 1695 671 porro

958 676 1285 727 nonagesimus
1306 679 1499 717 octauus
1524 682 1594 716 est
1624 676 1696 716 in-

957 737 1031 773 ter
1080 731 1321 785 episcopos
1377 732 1695 773 Mauretaniae

961 788 1281 829 Caesariensis
1327 801 1441 840 quos
1485 800 1562 828 rex
1599 788 1697 828 Hu-

958 844 1142 885 nericus
1162 857 1282 885 anno
1300 842 1699 885 CCCCLXXXIV'

959 899 1289 953 Carthaginem
1321 913 1422 941 cum
1451 900 1559 941 aliis
1590 912 1698 941 euo-

958 960 1087 998 catos
1105 955 1243 998 exilio
1260 956 1488 998 multauit.
1512 962 1698 998 attamen

956 1014 1083 1054 ualde
1114 1013 1258 1054 dubito
1286 1027 1379 1054 nam
1411 1013 1541 1055 Felix
1570 1012 1700 1054 Dalm

960 1068 1047 1122 (die
1076 1070 1269 1122 Koemssqe
1300 1072 1379 1111 der
1411 1069 1646 1111 Germanen
1667 1068 1698 1110 1

955 1140 1001 1179 p.
1036 1128 1138 1178 160,
1173 1124 1219 1179 3)
1262 1127 1436 1167 eundem
1474 1139 1567 1167 esse
1605 1127 1698 1178 epi-

958 1195 1130 1235 scopum
1152 1185 1272 1222 istum
1293 1196 1345 1223 ac
1364 1187 1551 1223 nostrum
1568 1194 1696 1223 reum

961 1242 1007 1279 et
1038 1238 1217 1278 doctum
1255 1244 1372 1280 recte
1412 1239 1695 1290 contenderit,

959 1308 1048 1335 cum
1078 1295 1126 1335 id
1154 1296 1319 1348 quidem
1344 1295 1600 1348 praefracte
1620 1307 1694 1335 ne-

956 1352 1139 1404 gandum
1187 1353 1245 1391 sit
1286 1352 1479 1393 uersibus
1526 1352 1609 1392 299
1654 1355 1699 1391 et

960 1409 1042 1448 300
1081 1421 1164 1448 non
1202 1414 1283 1448 tam
1320 1407 1538 1448 Genserici
1575 1419 1699 1460 quam

960 1463 1173 1504 Hauericz'
1213 1465 1362 1516 patrui
1408 1464 1697 1504 Gutlzamundo

931 1520 1472 1618 *fffnlgerjnfenm'xrlfuffij
1500 1520 1699 1572 proferri

1007 1588 1049 1615 ic
1075 1589 1262 1617 orianus
1444 1583 1454 1592 ⁶

930 1632 1094 1674 Uictor
1120 1632 1186 1674 VI
1216 1634 1269 1675 82
1302 1632 1503 1674 Uictoris
1536 1631 1698 1673 domus

930 1745 1192 1798 Uirginitas
1225 1745 1348 1799 fugit
1377 1745 1442 1785 VI
1471 1747 1526 1786 94

930 1801 1094 1843 Uitula
1137 1814 1298 1854 sponsa
1335 1802 1523 1842 Ioannis
1564 1801 1700 1842 Sardi

958 1857 1049 1898 VII
1079 1860 1121 1898 in
1157 1859 1435 1910 inscriptione
1465 1860 1489 1898 7
1528 1860 1569 1898 in
1600 1857 1697 1898 sub-

958 1915 1191 1965 scriptione
1217 1913 1330 1966 Sitifi
1350 1919 1449 1955 orta
1471 1914 1529 1966 cf.
1550 1913 1640 1955 VII
1669 1914 1696 1954 2

961 1975 1004 2011 et
1033 1971 1088 2011 47

930 2026 1092 2066 Ulixes
1123 2025 1236 2068 VIII
1273 2027 1355 2068 325

932 2082 1172 2124 Uulcanus
1192 2082 1366 2123 Lemno
1393 2085 1635 2136 spernatur
1652 2080 1698 2122 X

961 2140 1044 2180 598
1088 2138 1284 2180 Uulcani
1325 2142 1516 2180 catenae
1554 2138 1603 2180 11
1638 2138 1694 2180 57

962 2207 1087 2235 amor
1133 2195 1274 2237 Uenus
1310 2195 1423 2236 VIII
1469 2197 1551 2237 168
1596 2195 1695 2236 eius

959 2255 1095 2292 antra
1125 2251 1532 2305 Carthaginiensis.
1551 2251 1617 2294 VI
1640 2252 1695 2293 96

960 2306 1219 2349 Uulcanius
1249 2307 1371 2349 ensis
1402 2309 1468 2349 IX
1502 2310 1581 2349 185

931 2418 1146 2461 Xanthus
1175 2421 1342 2462 fiumen
1371 2420 1483 2461 VIII
1515 2422 1567 2462 75
