1940 3072
51 257 158 309 qua
216 238 325 292 alia
378 238 612 293 editione
665 240 962 294 recentiore
1016 233 1279 294 memoria
1332 241 1556 311 dignum
1610 242 1744 295 mihi

48 313 228 366 uisum
252 315 382 382 erat,
406 314 658 384 uulgatae
683 314 928 368 lectionis
954 314 1110 384 signo
1137 312 1214 386 (v)
1238 316 1443 370 notaui.
1482 318 1538 368 et
1560 333 1742 370 cruces

49 386 174 441 illas
198 387 394 440 codicis
418 386 770 442 Ambrosiani
795 389 1124 442 omittendas
1154 389 1336 458 statui,
1366 392 1742 459 praeterquam

50 461 192 531 quod
225 479 313 514 eas
346 462 575 530 exempli
606 481 769 516 causa
798 481 849 515 u.
881 462 1021 515 1099
1056 466 1112 515 et
1146 463 1287 516 1292
1321 464 1531 533 reliqui,
1569 481 1742 533 neque

49 553 135 605 ea,
181 553 316 605 quae
362 536 419 587 in
466 535 654 589 eodem
702 537 844 590 libro
890 537 1034 589 inter
1078 537 1249 589 lineas
1297 536 1557 590 adnotata
1603 541 1743 605 sunt,

49 627 271 678 prorsus
326 610 562 681 neglexi,
615 610 767 663 uelut
820 610 961 679 quod
1011 630 1060 664 u,
1108 610 1217 664 352
1265 629 1429 679 supra
1479 615 1743 680 propter

48 683 307 753 scriptum
347 687 444 753 est,
482 684 577 736 ubi
615 685 662 736 ·i·
703 684 972 754 significat
1010 684 1072 736 id
1111 687 1208 737 est
1239 684 1327 753 (cf.
1361 685 1742 755 Wattenbach,

46 757 348 828 Anleitung
378 777 421 811 z.
452 758 635 811 latein.
666 758 912 828 Palaogr.
942 777 995 827 p.
1019 757 1129 828 25).
1191 776 1289 811 nec
1321 759 1573 812 omnibus
1604 758 1739 812 locis

44 849 154 884 una
207 849 329 884 cum
381 832 703 885 lectionibus
760 851 792 885 a
835 832 1075 885 librariis
1123 832 1258 901 ipsis
1306 833 1602 886 emendatis
1651 851 1741 886 eas

46 906 325 973 adnotaui,
379 924 512 974 quas
559 906 663 958 illi·
690 909 852 958 antea
898 909 1205 975 posuerant.
1288 907 1398 959 iam
1446 907 1740 975 scripturas

46 979 321 1064 quasdam,
361 998 495 1048 quas
536 980 729 1033 leuiter
766 982 1004 1033 mutatas
1043 980 1236 1049 recepi,
1276 981 1391 1033 sine
1430 981 1542 1034 ullo
1583 980 1739 1050 signo

43 1054 197 1107 uncis
244 1053 483 1107 inclusas
532 1053 711 1106 addidi
758 1054 822 1107 cf.
861 1073 912 1107 u.
956 1055 1077 1107 128.
1121 1055 1225 1107 183
1267 1055 1412 1107 alibi.
1489 1055 1633 1123 quod
1672 1054 1741 1108 ad

43 1145 129 1180 res
170 1127 620 1197 orthographicas
653 1129 864 1196 attinet,
904 1128 1153 1181 omnibus
1185 1128 1333 1192 lociS‚
1365 1131 1426 1181 ut
1458 1132 1618 1182 antea
1650 1127 1739 1211 (cf.

42 1218 222 1271 progr.
259 1201 373 1254 Erf.
412 1221 463 1271 p.
498 1201 674 1273 VIII),
714 1203 1047 1255 sollertem
1088 1204 1143 1255 et
1182 1202 1383 1271 adque
1410 1202 1639 1270 scripsi3
1680 1203 1739 1254 in

45 1276 237 1328 ceteris
286 1276 446 1328 rebus
455 1317 470 1345 ,
525 1276 619 1328 ubi
665 1280 814 1329 certa
858 1277 998 1329 ratio
1045 1276 1269 1345 reperiri
1313 1294 1424 1329 non
1472 1279 1740 1345 potuerat,

42 1349 466 1402 inconstantiam
521 1354 576 1402 et
633 1350 1076 1403 consuetudinem
1124 1350 1253 1402 libri
1298 1349 1737 1403 Vindobonensis

43 1426 257 1477 secutus
306 1441 439 1477 sum.
516 1442 640 1477 cum
678 1442 807 1477 uero
848 1424 1200 1494 grauissimas
1240 1426 1456 1476 tantum
1497 1424 1737 1477 codicum

41 1497 299 1551 lectiones
325 1498 513 1550 afferre
539 1499 840 1568 statuerim,
863 1499 919 1550 in
945 1498 1126 1551 codice
1150 1497 1512 1550 Ambrosiano
1536 1498 1738 1550 flama

43 1576 97 1625 et
148 1572 452 1641 flamiger
499 1572 761 1640 scriptum
809 1590 922 1625 esse
970 1572 1074 1626 hoc
1119 1572 1237 1625 loco
1285 1572 1556 1624 monuisse
1604 1572 1737 1624 satis

43 1648 141 1698 est.
202 1646 364 1698 etiam
403 1646 527 1698 inde
568 1665 599 1698 a
636 1665 686 1698 u.
730 1646 869 1699 1581
912 1665 1010 1714 pro
1053 1646 1228 1699 succi
1268 1646 1554 1716 genitrix
1593 1646 1738 1698 simi-

40 1720 182 1772 libus
213 1721 411 1772 tacitus
442 1720 601 1788 posui
634 1720 771 1772 suci
803 1720 1100 1788 genetrix
1132 1719 1253 1772 alia.
1314 1719 1520 1772 inuitus
1552 1722 1737 1772 tamen

43 1794 202 1846 omisi
241 1794 399 1847 haec:

193 1867 296 1920 139
338 1868 539 1920 ciscum
577 1868 714 1920 flexo
746 1867 801 1919 A
862 1867 969 1920 213
1002 1867 1346 1935 Neptunique
1379 1867 1433 1918 A
1502 1867 1610 1920 510
1643 1869 1737 1919 aut

50 1942 102 1995 V
142 1941 286 1994 haud
334 1942 389 1994 A
502 1942 609 1995 826
668 1942 870 2010 piscem
923 1942 1143 1994 correxit
1195 1940 1246 1993 V
1348 1941 1454 1993 843
1512 1942 1734 1994 circum-

39 2016 317 2068 uoluultur
372 2016 423 2068 V
499 2016 606 2068 909
654 2033 722 2068 ne
771 2034 911 2084 quas
951 2016 1005 2067 A
1082 2013 1190 2067 915
1237 2014 1443 2067 caelula
1498 2015 1549 2067 V
1625 2015 1730 2067 941

40 2093 135 2142 aut
181 2089 234 2143 V
302 2090 410 2142 976
451 2089 620 2142 credit
668 2090 719 2142 V
790 2089 930 2142 1093
971 2106 1197 2141 consore
1237 2089 1291 2140 A
1371 2089 1512 2141 1106
1554 2088 1735 2141 condi-

37 2166 126 2216 tus
165 2163 220 2216 A
301 2164 457 2216 1723
482 2164 714 2216 sintillas
753 2164 820 2215 A.

189 2235 292 2289 Sed
339 2255 445 2307 quo
492 2237 705 2290 facilius
751 2239 958 2305 pateat,
1005 2238 1206 2304 quanta
1250 2236 1550 2288 intercedat
1587 2235 1732 2288 diffe-

38 2311 214 2363 rentia
255 2311 399 2363 inter
438 2311 689 2380 uulgatas
729 2310 986 2363 lectiones
1028 2313 1084 2362 et
1121 2312 1357 2377 nostras,
1404 2309 1503 2362 has
1543 2310 1732 2378 quauis

39 2402 214 2436 rerum
252 2384 797 2454 orthographicarum
830 2384 1163 2436 dissensione
1193 2384 1441 2452 neglecta
1473 2401 1594 2435 cum
1626 2383 1732 2434 edi—

37 2459 201 2526 tione,
240 2477 401 2527 quam
432 2458 491 2511 F.
524 2456 582 2511 O.
614 2457 879 2511 Matthiae
911 2458 1139 2525 parauit,
1177 2457 1256 2509 ita
1294 2457 1634 2523 contulimuS,
1672 2458 1734 2508 ut

39 2532 360 2584 lectionibus
406 2532 552 2585 illius
599 2536 812 2584 nostras
855 2531 1186 2583 adderemus,
1264 2533 1388 2582 sunt
1427 2530 1567 2581 enim
1608 2529 1731 2581 hae:

191 2607 218 2657 1
260 2606 504 2689 inceptor
536 2609 543 2669 Ι
580 2606 826 2658 incentor
895 2605 928 2656 2
971 2604 1235 2656 excelsam
1271 2610 1278 2664 Ι
1313 2606 1366 2655 et
1398 2604 1593 2655 celsam
1664 2603 1730 2655 13

39 2678 225 2731 mundi
248 2680 537 2749 primigeni
572 2679 578 2747 Ι
613 2680 810 2731 mentis
835 2677 1165 2747 primigenae
1231 2676 1299 2729 15
1323 2676 1511 2729 foedus
1547 2681 1554 2740 Ι
1588 2675 1730 2728 fetus

43 2753 108 2804 17
137 2770 443 2821 supremum
470 2751 476 2823 Ι
506 2753 798 2805 secundum
874 2751 946 2804 20
977 2753 1128 2803 actor
1154 2748 1158 2814 1
1189 2752 1374 2803 auctor
1449 2751 1516 2802 21
1544 2752 1732 2818 pastor

37 2843 188 2878 sacer
213 2824 219 2896 1
246 2826 420 2880 factus
446 2829 599 2895 pater
668 2827 739 2879 22
764 2824 1065 2894 perrumpit
1092 2823 1097 2893 1
1127 2823 1370 2893 perrupit
1439 2824 1509 2876 27
1537 2826 1691 2892 pater
1720 2820 1727 2892 Ι
