1940 3072
784 166 1149 219 -67-

126 283 272 334 arcet
309 280 675 351 flammigerae
713 283 923 337 radium
961 283 1111 338 facis,
1187 283 1321 337 haut
1358 285 1460 339 tibi
1499 304 1732 355 rursum,

125 372 246 408 cum
284 355 580 409 matutinos
619 357 843 411 molitur
878 358 1067 411 lucifer
1107 360 1280 427 ortuS,

35 440 92 483 35
125 428 276 482 ebria
314 430 644 500 sanguineae
685 431 1017 485 subuoluant
1054 432 1260 485 uellera
1298 433 1491 503 nubes3
1837 450 1902 483 310

123 520 355 572 namque
395 505 576 574 grauis
617 506 764 559 caelo
803 505 1060 559 fundetur
1097 507 1345 575 protinus
1385 507 1571 562 imber.

195 575 250 631 N
253 594 312 633 ec
351 578 398 630 si
438 578 550 631 sole
588 580 777 647 procul
816 580 982 632 rutila
1019 581 1162 633 inter
1200 583 1397 650 stagna
1434 586 1679 636 morante

123 651 395 705 emineant
432 652 595 721 radii,
632 653 813 706 radios
853 672 1062 723 quoque
1102 655 1336 708 crassior
1373 656 1566 709 umbra

123 728 401 796 contegat,
440 725 533 779 ille
572 726 688 780 dies
728 728 926 796 pluuiis
965 730 1232 797 uentoque
1272 729 1490 782 carebit.

62 812 92 853 ο
122 799 252 868 quin
291 799 393 852 erit
429 799 606 853 imber
643 801 798 869 item,
839 802 884 854 si
925 802 1094 855 solem
1134 803 1363 856 circulus
1405 806 1521 856 ater
1837 819 1902 851 315

123 873 328 926 ambiat
367 877 627 928 exortum.
703 875 878 928 maior
917 894 973 928 se
1014 876 1240 945 denique
1279 877 1494 930 nimbus

120 947 341 1017 urgebit
380 949 547 1017 caelo,
593 949 768 1002 maior
806 950 922 1002 sola
959 950 1172 1018 perluet
1209 951 1402 1019 imber,

120 1021 443 1075 circumfusa
483 1023 616 1076 adeo
657 1023 702 1076 si
743 1023 960 1093 cingula
996 1024 1178 1078 nescia
1218 1025 1358 1078 solui

121 1096 387 1148 seruarint
424 1099 631 1150 taetrae
672 1098 906 1166 speciem
943 1099 1216 1167 torpentia
1254 1099 1428 1151 moliS.

122 1187 279 1239 saepe
319 1170 485 1223 etiam
522 1170 743 1224 Phoebo
783 1171 954 1224 nubes
992 1190 1249 1241 percussa
1287 1172 1525 1226 rubescit
1836 1189 1901 1222 320

120 1246 175 1296 et
212 1244 474 1297 meditata
513 1244 600 1297 dei
638 1244 870 1298 formam
909 1247 1095 1315 procul
1136 1246 1263 1316 igne
1302 1250 1517 1315 recepto

120 1318 357 1386 concipit
395 1317 654 1388 effigiem,
694 1319 945 1373 simulato
986 1321 1202 1373 luminis
1244 1321 1387 1375 orbe.

120 1391 175 1444 id
215 1410 322 1462 qua
360 1395 515 1461 parte
552 1394 666 1462 poli
707 1395 1058 1463 spectaueriS,
1098 1394 1281 1448 adfore
1322 1395 1389 1447 ab
1429 1395 1548 1464 ipsa

117 1470 272 1534 parte
311 1469 436 1519 tene
474 1470 683 1520 uentos,
755 1470 939 1520 tamen
976 1467 1125 1537 haec,
1163 1472 1346 1521 tamen
1387 1469 1570 1522 omnia
1601 1487 1813 1538 semper

120 1539 408 1592 decedente
449 1539 533 1593 die
573 1541 766 1594 melius
804 1544 1035 1595 uentura
1074 1542 1357 1596 docebunt.
1836 1558 1900 1591 325

196 1611 467 1667 Conuenit
504 1614 595 1668 hic
635 1615 799 1668 etiam
838 1634 1066 1685 paruum
1106 1635 1364 1685 praesepe
1404 1619 1612 1670 notare.

119 1686 173 1739 id
212 1688 345 1740 nubi
383 1706 607 1756 nomen,
648 1707 783 1757 quae
823 1708 1018 1743 cancro
1060 1691 1372 1744 obuoluitur
1411 1691 1543 1759 alt0,

120 1760 349 1816 Graecia
388 1762 548 1815 docta
587 1762 748 1817 dedit.
826 1763 930 1816 duo
969 1768 1192 1833 propter
1231 1765 1457 1834 denique
1498 1765 1692 1817 asellos

121 1836 352 1905 suspice,
393 1854 620 1905 quorum
660 1837 796 1890 alius
837 1840 1043 1906 septem
1082 1838 1260 1890 uicina
1297 1839 1462 1891 trioni

121 1912 266 1962 astra
306 1910 499 1979 adolet,
538 1910 780 1979 tepidum
819 1912 1007 1980 procul
1048 1911 1186 1964 alter
1224 1915 1432 1980 spectat
1462 1912 1521 1964 in
1555 1916 1810 1966 austrum.
1834 1927 1899 1961 3³0

119 1983 176 2036 in
213 1984 388 2037 medio
430 1984 570 2053 quod
609 1985 751 2038 nube
792 1986 945 2054 quasi
985 1986 1281 2038 concrescit
1322 1986 1532 2054 adacta,

240 2119 354 2159 1633
388 2116 517 2159 arcet
547 2129 569 2160 e
600 2128 682 2159 om.
708 2116 753 2159 A
779 2117 793 2172 ΙΙ
817 2115 1133 2173 flammigerae
1163 2130 1189 2159 v
1218 2116 1430 2174 flamigcr
1452 2116 1497 2159 A
1522 2116 1809 2173 flammigere

119 2186 141 2218 e
164 2175 179 2230 ΙΙ
202 2172 383 2218 radium
416 2188 438 2217 e
470 2187 577 2218 aera
607 2175 734 2218 dium
767 2176 811 2218 A
835 2177 851 2231 ΙΙ
874 2175 989 2218 haut
1020 2175 1208 2219 Grotius
1240 2177 1322 2219 aut
1352 2176 1396 2219 A
1414 2189 1436 2220 e
1465 2177 1481 2232 ΙΙ
1510 2175 1597 2220 tibi
1628 2191 1810 2221 rursum

120 2246 141 2276 e
180 2232 259 2277 abi
295 2233 472 2277 rusfum
503 2234 549 2276 A
695 2239 808 2278 1635
849 2234 976 2278 ebria
990 2234 1290 2291 -sanguineae
1330 2248 1356 2278 v
1396 2234 1456 2279 Et
1486 2248 1629 2279 nasan
1659 2249 1810 2292 ganea

118 2292 164 2335 A
189 2290 334 2336 Ebria
363 2292 617 2348 sanguinea
640 2306 662 2336 e
725 2298 839 2337 1636
863 2292 1081 2337 fundetur
1104 2307 1126 2337 e
1147 2292 1290 2337 fundo
1316 2308 1396 2338 cur
1418 2294 1463 2337 A
1529 2299 1641 2339 1637
1667 2294 1810 2339 rutila

119 2349 243 2395 inter
280 2365 303 2396 e
342 2351 578 2395 rutilantis
609 2352 654 2395 A
685 2352 699 2406 Η
733 2354 899 2408 stagna
929 2366 951 2396 e
990 2365 1110 2408 anga
1133 2352 1178 2395 A
1211 2355 1225 2409 ΙΙ
1255 2355 1464 2397 morante
1501 2354 1715 2408 (correaeit
1745 2353 1807 2408 A)

118 2411 203 2454 Ae
309 2414 423 2455 1638
454 2410 608 2455 radios
640 2425 662 2455 e
692 2411 823 2455 radio
855 2411 899 2454 A
923 2412 939 2467 ΙΙ
963 2411 1158 2455 crassior
1189 2426 1211 2455 e
1240 2410 1390 2455 rasior
1411 2413 1457 2455 A
1573 2417 1688 2456 1640
1720 2412 1810 2456 erit

119 2483 141 2513 e
178 2470 291 2513 nent
318 2471 365 2513 A
487 2474 597 2513 1641
641 2471 851 2514 exortum
889 2484 911 2514 e
950 2471 1157 2514 exortam
1189 2471 1233 2513 A
1358 2475 1469 2514 1643
1512 2471 1627 2515 adeo
1667 2484 1690 2515 e
1721 2470 1809 2514 dea

119 2527 164 2570 A
187 2529 203 2583 n
226 2529 264 2572 si
295 2528 483 2584 cingula
513 2543 535 2572 e
560 2528 624 2572 sic
648 2528 811 2586 iugula
833 2529 878 2572 A
959 2533 1072 2573 1644
1098 2529 1327 2573 seruarint
1348 2531 1513 2586 scripsi
1536 2530 1592 2583 cf.
1619 2529 1809 2574 Hermes

123 2586 270 2630 XIII
280 2601 330 2643 p.
359 2590 445 2632 361
471 2601 516 2632 n.
542 2590 604 2632 42
630 2589 735 2632 item
758 2587 1005 2632 Schraderi
1028 2589 1374 2632 commentarius
1392 2588 1542 2633 Berol.
1567 2590 1807 2632 seruarent

120 2646 165 2688 A
184 2659 205 2690 e
228 2647 242 2703 ΙΙ
265 2648 443 2691 taetrae
474 2648 628 2701 (tetre)
662 2661 683 2690 e
713 2649 763 2690 ta
794 2660 847 2691 eo
880 2648 924 2690 A
1019 2651 1131 2690 1646
1164 2647 1240 2691 dei
1272 2662 1293 2691 e
1322 2647 1397 2691 die
1428 2648 1473 2690 A
1497 2649 1512 2704 ΙΙ
1535 2647 1642 2703 igne
1674 2661 1696 2691 e
1727 2661 1806 2691 ore

121 2705 166 2748 A
290 2709 403 2750 1648
436 2718 528 2761 qua
558 2720 580 2749 e
612 2706 673 2762 qd
704 2706 749 2748 A
780 2707 796 2762 [Ι
827 2704 1110 2762 spectaueris
1142 2720 1163 2749 e
1194 2706 1453 2762 pectaberis
1481 2707 1526 2749 A
1549 2707 1565 2761 ΙΙ
1595 2706 1753 2750 adfore
1785 2720 1807 2749 e

123 2762 264 2809 affore
295 2765 341 2808 A
460 2779 505 2808 u.
538 2768 656 2809 1651
698 2765 968 2809 inscribitwr
998 2764 1145 2808 Aselli
1176 2765 1221 2807 A
1239 2779 1261 2808 e
1384 2769 1494 2809 1651
1529 2778 1748 2821 praesepe
1779 2778 1805 2808 v

121 2836 314 2879 prerepe
345 2824 390 2867 A
420 2837 614 2879 presepe
646 2838 667 2868 e
804 2828 917 2867 1652
949 2837 1067 2879 quae
1100 2837 1122 2867 e
1153 2837 1181 2879 q
1213 2824 1258 2866 A
1396 2828 1509 2867 1655
1541 2824 1753 2881 tepidum
1784 2838 1806 2867 e

122 2884 320 2926 termum
351 2883 396 2925 A
521 2886 632 2926 1656
666 2883 920 2927 concrescit
951 2896 972 2926 e
1004 2882 1229 2927 concessit
1259 2883 1303 2925 A

1471 2956 1537 3000 5*
