1940 3072
194 232 440 302 aequoris
481 234 534 284 et
571 247 801 301 magnos
841 230 975 283 caeli
1015 230 1210 282 callere
1247 229 1537 298 tumultUS‚

193 325 327 377 quos
369 305 457 357 det
496 307 640 358 certa
679 304 813 374 dies,
853 304 943 373 qui
981 303 1133 374 longi
1171 305 1411 371 tempore
1451 302 1651 355 mensis

194 383 567 448 astrorumque
607 379 722 432 uice
762 380 816 430 et
853 377 1038 430 mundi
1075 377 1287 431 ratione
1324 376 1627 430 trahantur.

194 454 331 507 aeris
371 452 631 506 inmadidi
671 451 923 522 quiddam
961 452 1150 504 tellure
1191 453 1430 504 creatum

46 541 160 582 1410
194 528 527 596 spiramenta
564 529 805 579 uomunt.
881 526 963 578 uis
1002 525 1105 578 1100
1144 543 1265 579 00111
1302 525 1443 578 fudit
1479 524 1538 576 in
1577 541 1735 577 auras
1842 594 1863 597 ψ
1899 540 1940 576 85

192 620 474 670 uenarum,
515 601 721 654 occulte
759 600 946 669 patulo
986 600 1316 668 praetexitur
1354 615 1485 668 agro

192 675 552 728 insubiectum
592 675 758 728 oculis
797 676 1100 743 terramque
1142 676 1456 742 supernatat
1493 689 1729 725 omnem:

192 749 356 801 uuida
393 748 668 817 materieS‚
708 767 869 817 quam
909 765 1030 801 cum
1070 748 1216 800 calor
1255 748 1683 817 ignicomantum

192 822 378 876 hausit
417 823 719 891 stellarum,
760 840 980 891 superas
1022 821 1272 874 subducit
1309 821 1366 874 in
1405 838 1563 874 auras

47 909 160 951 1415
194 899 247 949 et
284 899 531 949 concreta
571 896 660 948 diu
699 896 979 966 conpingit
1016 896 1204 948 nubila
1241 895 1457 948 mundo·
1900 911 1940 943 90

194 971 239 1022 si
278 971 454 1023 minor
492 970 624 1022 haec
662 969 862 1022 madidi
902 970 1207 1022 substantia
1247 970 1481 1038 caespite
1522 969 1589 1021 ab
1630 968 1739 1021 imo

193 1044 512 1114 subrigitur,
551 1047 738 1097 tenues
777 1044 1004 1096 nebulae
1044 1043 1272 1112 caligine
1311 1043 1433 1096 fusa

191 1117 488 1171 tenduntur
527 1118 691 1171 caelo,
768 1118 852 1170 uis
893 1120 1075 1170 autem
1115 1116 1305 1170 siccior
1345 1117 1438 1170 olli

193 1210 312 1244 cum
351 1192 476 1261 fuit,
515 1192 572 1244 in
611 1193 805 1244 celeres
846 1191 1157 1244 dissoluitur
1194 1191 1427 1260 undique
1466 1195 1658 1246 uentos

45 1277 159 1320 1420
190 1265 532 1335 uicinumque
574 1266 677 1318 sibi
715 1266 898 1318 flabris
938 1265 1341 1318 dominantibus
1382 1258 1525 1319 ultro
1901 1279 1940 1313 95

193 1357 317 1391 aera
355 1339 628 1408 propellit,
707 1340 752 1391 si
791 1340 964 1392 maior
1001 1339 1246 1408 protinus
1286 1358 1442 1392 umor

192 1413 526 1466 consurrexit
563 1413 751 1482 humo,
790 1413 1000 1482 pluuias
1042 1431 1251 1482 quoque
1289 1414 1473 1466 nubila
1511 1413 1746 1467 fundunt

193 1490 246 1539 et
284 1487 479 1555 pluuiis
519 1487 627 1539 late
668 1487 814 1539 calor
853 1490 935 1539 est
971 1490 1139 1555 pater.
1216 1486 1303 1539 1110
1343 1505 1503 1556 super
1541 1488 1742 1540 imbres

193 1560 443 1628 exprimit
483 1563 537 1612 et
576 1560 793 1613 ductum
831 1560 1092 1613 feruentis
1133 1560 1200 1612 ab
1242 1560 1393 1613 obice
1433 1561 1619 1614 mundi

46 1646 158 1687 1425
190 1634 399 1702 respuit
436 1652 693 1686 umorem.
771 1634 817 1686 si
856 1635 1023 1687 moles
1064 1651 1265 1703 magna
1303 1635 1582 1704 utriusque
1906 1648 1940 1681 ιθ

193 1711 437 1760 occurset
477 1708 693 1761 sibimet
731 1709 881 1760 uelut
920 1708 1082 1761 obuia
1122 1708 1422 1761 comminus
1463 1709 1602 1778 agri,

193 1782 455 1850 conpulsu
495 1782 639 1835 aerio
679 1781 864 1851 fragor
902 1782 1116 1834 intonat
1155 1782 1439 1851 amplaque
1479 1783 1588 1835 late

191 1873 468 1907 murmura
506 1856 814 1908 discurrunt
851 1857 1056 1924 pariter
1095 1856 1479 1924 crepitantibus
1520 1856 1680 1909 auris,

190 1928 277 1980 hic
317 1929 552 1982 inflictus
592 1930 723 1982 item
763 1929 1202 1998 diuersorumque
1241 1948 1335 1998 per
1374 1930 1617 1983 aethram

47 2013 159 2055 1430
193 2020 352 2070 saepe
393 2021 620 2070 superne
659 2003 842 2057 furens
881 2003 1062 2057 inlisio
1101 2003 1330 2072 fulgoris
1370 2004 1524 2073 ignes
1901 2016 1940 2049 10

314 2122 425 2162 1407
466 2133 579 2173 quos
628 2118 671 2161 V
707 2118 819 2175 quid
858 2118 905 2162 A
942 2120 958 2173 ΙΙ
997 2119 1077 2174 qui
1117 2119 1304 2163 Grotius
1343 2119 1453 2174 quid
1495 2119 1582 2163 VAv
1614 2120 1629 2175 ΙΙ
1667 2119 1876 2175 tempore

193 2176 380 2220 Grotius
411 2178 625 2233 tempora
665 2177 750 2220 VA
872 2183 985 2222 1408
1018 2178 1263 2222 trahantur
1292 2178 1338 2221 A
1369 2179 1629 2222 tractantur
1669 2177 1713 2221 V
1824 2178 1877 2221 de

190 2237 395 2279 uersibus
426 2240 726 2281 1409—1432
766 2237 822 2291 cf.
863 2238 1051 2282 Hermes
1092 2237 1230 2280 XVI
1258 2251 1308 2293 p.
1347 2240 1443 2282 128
1479 2252 1523 2280 n.
1565 2241 1626 2282 90
1671 2251 1715 2281 u.
1757 2240 1875 2280 1409

191 2296 403 2338 omittunt
430 2295 513 2338 VA
579 2301 690 2340 1409
708 2295 1334 2340 inmadidieimmadidumv
1389 2301 1502 2341 1410
1520 2295 1643 2340 fudit
1668 2295 1878 2340 Vfundit

190 2352 235 2395 A
330 2358 440 2396 1412
474 2353 787 2398 insubiectum
828 2355 871 2398 V
898 2356 947 2398 in
979 2355 1237 2398 subiectum
1268 2355 1313 2398 A
1338 2355 1353 2410 ΙΙ
1378 2358 1651 2411 supernatat
1680 2369 1705 2398 v
1739 2369 1877 2411 super

190 2412 327 2455 notat
374 2412 458 2455 VA
502 2414 774 2470 supernotat
812 2428 834 2458 e
971 2418 1083 2471 1413
1124 2413 1267 2457 uuida
1304 2413 1366 2456 N.
1401 2415 1623 2458 Heinsius
1655 2413 1797 2458 Vulta
1838 2413 1881 2456 V

191 2469 341 2515 Multa
372 2471 417 2513 A
448 2470 648 2527 Multaq3
683 2487 704 2517 e
825 2477 937 2517 1417
971 2472 1168 2517 nebulae
1193 2473 1238 2516 A
1270 2473 1442 2532 nubule
1477 2473 1521 2516 V
1638 2477 1750 2516 1419
1783 2472 1875 2517 dis—

194 2529 391 2574 soluitur
429 2530 474 2573 A
517 2531 733 2575 dissoluit
778 2531 822 2574 V
940 2536 1051 2575 1422
1093 2532 1235 2576 1101110
1275 2532 1320 2576 A
1359 2546 1467 2576 umo
1517 2532 1560 2575 V
1678 2536 1791 2576 1424
1830 2532 1878 2576 et

193 2587 382 2631 ductum
408 2589 750 2634 Schaubachius
782 2592 829 2634 et
861 2591 1001 2635 ducta
1034 2590 1119 2633 VA
1136 2605 1158 2634 e
1180 2592 1195 2647 ΙΙ
1219 2591 1276 2635 ab
1301 2591 1641 2636 Schaubachius
1670 2592 1724 2634 ut
1756 2590 1875 2634 VAe

197 2651 309 2690 1426
343 2647 530 2692 sibimet
560 2649 604 2691 A
638 2649 773 2694 simet
814 2649 857 2692 V
946 2654 1057 2693 1427
1091 2651 1317 2706 conpulsu
1348 2651 1525 2694 correxi
1557 2648 1799 2705 compulsu
1830 2650 1875 2692 A

196 2706 418 2761 conpulsa
466 2707 509 2750 V
627 2713 740 2752 1430
778 2707 933 2752 inlisio
983 2709 1027 2751 V
1059 2709 1201 2753 illisio
1242 2709 1288 2752 A
1326 2708 1442 2753 illiso
1476 2710 1540 2764 011
1571 2707 1765 2765 fulgoris
1805 2709 1876 2763 (οω

193 2763 621 2865 ἱυῙςέῗῗΙοηαΐααίὺ
650 2768 712 2823 A)
754 2766 875 2811 VAe
904 2767 1102 2824 fulguris
1134 2781 1159 2811 v
1192 2769 1248 2822 cf.
1276 2781 1430 2825 proyr.
1456 2767 1640 2822 Erfurt.
1674 2782 1713 2811 a.
1747 2769 1875 2811 1882
