1940 3072
5 1278 62 1319 60

90 232 198 284 iam
236 230 416 284 uicina
452 234 602 300 not0‚
647 231 824 284 minor
860 231 1030 285 istaec
1068 233 1213 287 linea
1250 233 1368 287 luce

92 308 146 358 et
182 305 394 375 fulgore
432 305 567 358 facis
607 305 984 373 praeuertitur.
1062 309 1119 359 at
1157 307 1306 360 locus
1347 307 1444 360 olli

91 382 219 448 post
264 382 478 449 tergum
517 378 905 433 Andromedae.
983 379 1061 433 sic
1109 398 1164 433 se
1210 381 1339 433 tulit
1387 381 1516 434 ordo
1557 380 1783 436 dicatuS.

166 451 308 506 Hinc
349 453 396 505 si
434 452 611 506 uicino
649 452 883 506 flectaris
923 453 1131 507 lumina
1167 454 1290 507 uisu

92 528 252 597 inque
290 529 480 580 notum
521 526 719 579 sensim
760 527 968 580 boreali
1009 528 1076 580 ab
1117 528 1330 581 cardine
1371 528 1558 582 ductos

92 601 352 654 inclinere
392 601 599 666 ocUIOS‚
639 601 817 669 proles
856 601 981 669 tibi,
1020 601 1258 669 Derceti‚
1296 602 1500 672 piscis

92 677 316 744 surgent
352 672 652 744 Bambycii.
730 675 880 727 sedes
921 675 1049 728 data
1088 676 1285 744 quippe
1326 676 1533 730 duobus

91 748 352 817 piscibus,
389 748 598 818 ingenti
638 767 744 818 qua
783 748 982 801 celsam
1021 749 1251 802 circulus
1293 749 1537 803 aethram

93 822 222 875 orbe
262 824 421 875 secat.
497 822 675 875 tendit
713 840 819 891 qua
856 840 1067 891 pennae
1107 825 1346 876 extrema
1386 824 1636 877 sinistrae

95 897 204 949 ales
246 913 390 964 chS,
429 896 630 948 mundo
671 914 778 965 qua
814 899 1036 964 pectora
1074 896 1283 966 laniger
1322 898 1432 950 alto

92 973 251 1040 urget
288 972 343 1022 et
380 969 607 1022 aduerso
648 972 959 1039 surgentem
1000 988 1225 1039 corpore
1263 973 1481 1023 taurum

92 1043 332 1113 respicit:
371 1043 461 1096 hic
500 1043 678 1096 medio
720 1044 1005 1111 signantur
1044 1044 1215 1097 sidere
1254 1044 1443 1112 pisceS.

95 1135 322 1187 quorum
362 1117 498 1170 alius
536 1117 712 1187 rigida
751 1119 1030 1187 consurgit
1067 1119 1124 1171 in
1164 1137 1289 1171 aera
1330 1119 1504 1171 forma

95 1191 289 1245 celsior
327 1195 383 1244 et
420 1191 625 1244 borean
663 1192 885 1260 propior
925 1192 1094 1260 subit,
1135 1193 1272 1244 alter
1312 1211 1593 1262 aquarum,

94 1264 316 1318 Troicus
362 1265 545 1318 haurit
587 1282 754 1333 aquas
791 1265 1075 1335 funditque
1115 1265 1208 1318 ubi
1249 1266 1486 1335 ephebus
1527 1267 1595 1319 ab
1636 1284 1788 1333 urna,

94 1357 235 1408 pone
277 1338 466 1392 auidus
505 1339 645 1391 iacet
682 1339 740 1392 in
776 1339 1004 1392 notialia
1041 1339 1233 1392 nubila
1270 1358 1490 1407 pronus,

96 1413 188 1466 sed
226 1415 408 1465 tamen
446 1412 503 1464 hi
542 1413 650 1465 late
690 1413 860 1465 stellis
900 1431 965 1465 ex
1003 1413 1189 1466 ordine
1228 1412 1361 1466 fusis

94 1489 380 1539 nectuntur
419 1485 615 1539 caudas
657 1489 711 1539 et
748 1487 897 1539 lenta
934 1487 1225 1539 trahuntur
1264 1491 1488 1556 utraque

95 1560 335 1629 uincula,
374 1578 469 1629 per
507 1562 714 1613 caelum
754 1562 950 1613 coeunt
988 1579 1124 1630 quae
1165 1561 1380 1630 singula
1416 1579 1628 1613 rursum

98 1637 151 1686 et
188 1634 351 1686 rutilo
393 1634 603 1687 confixa
644 1635 798 1703 quasi
838 1652 999 1702 super
1036 1635 1163 1704 igne
1202 1638 1477 1702 tenentur,

97 1708 443 1769 caelestem
482 1711 747 1760 memorat
786 1726 943 1776 quem
985 1709 1173 1761 sollers
1215 1708 1440 1761 Graecia
1478 1708 1725 1761 nodum.

98 1800 162 1834 ex
206 1799 391 1835 umero
431 1780 809 1834 Andromedae
857 1782 1012 1834 laeuo
1061 1800 1272 1851 quoque
1310 1800 1531 1836 noscere
1570 1782 1789 1851 piscem,

217 1946 303 1986 536
333 1942 480 1986 istaec
509 1942 636 1986 linea
667 1956 688 1986 e
718 1940 808 1986 iste
841 1940 991 1985 clinea
1031 1941 1075 1983 V
1101 1940 1216 1985 istec
1248 1941 1373 1986 linea
1396 1942 1443 1984 A
1473 1941 1579 1986 istic
1610 1941 1735 1986 linea
1765 1956 1792 1986 υ

10 2011 11 2014 ’
98 2006 183 2045 537
218 2000 301 2045 0111
338 2000 481 2045 Villi
510 2002 556 2044 A
642 2005 727 2046 538
758 2001 868 2058 post
897 2002 1082 2055 tergum
1114 2002 1160 2044 A
1191 2002 1462 2058 postergum
1501 1999 1577 2057 Vss
1602 2015 1649 2045 se
1682 2000 1792 2044 tulit

10 2109 18 2114 ,
107 2059 151 2102 V
177 2060 362 2103 rettulit
391 2060 436 2103 A
468 2061 483 2117 ss
514 2059 696 2104 dicatus
728 2075 749 2104 0
781 2060 910 2103 dicat
946 2058 991 2102 V
1016 2072 1098 2103 om.
1132 2059 1178 2101 A
1319 2073 1365 2103 u.
1400 2062 1488 2104 539
1521 2060 1792 2104 inscribitur

98 2118 302 2163 PISCES
346 2118 431 2162 VA
545 2124 630 2164 539
663 2119 767 2163 uisu
798 2118 845 2162 A
874 2117 976 2162 uiso
1019 2118 1063 2160 V
1162 2122 1248 2163 540
1281 2118 1452 2163 sensim
1483 2132 1509 2162 v
1544 2119 1666 2162 sensi
1706 2118 1791 2162 VA

98 2176 273 2222 sensum
305 2190 327 2221 e
348 2179 364 2235 ΙΙ
388 2178 549 2222 ductos
574 2168 636 2222 N.
662 2178 887 2222 Heinsius
918 2177 1082 2221 doctus
1114 2176 1158 2220 V
1184 2176 1350 2222 ductus
1374 2178 1420 2220 A
1494 2182 1577 2221 541
1604 2177 1794 2221 Derceti

97 2236 160 2280 N.
200 2236 424 2281 Heinsius
461 2236 603 2281 tertia
650 2237 774 2281 VAe
812 2235 979 2280 Dercia
1011 2235 1201 2280 Grotius
1237 2237 1253 2292 ΙΙ
1291 2236 1433 2304 piscis
1473 2239 1518 2279 A
1556 2237 1704 2293 pisces
1755 2237 1798 2278 V

99 2301 184 2340 542
225 2298 417 2352 surgent
457 2296 501 2339 V
535 2298 696 2353 surget
726 2297 770 2339 A
801 2298 816 2351 ΙΙ
849 2294 1092 2351 Bambycii
1132 2296 1311 2339 correxi
1340 2295 1572 2339 Bambieii
1604 2295 1794 2340 Grotius

99 2354 330 2398 Bombicii
362 2354 448 2398 VA
522 2360 607 2399 543
639 2354 821 2411 ingenti
849 2368 876 2398 v
900 2352 1076 2397 incenti
1107 2353 1190 2397 VA
1215 2353 1383 2398 incerti
1406 2369 1427 2411 0
1503 2359 1589 2398 544
1614 2368 1795 2410 pennae

100 2413 291 2480 Grotius
320 2426 475 2469 penna
506 2414 551 2457 V
576 2413 728 2470 pitina
752 2414 797 2456 A
881 2417 967 2456 545
1001 2412 1098 2456 ales
1130 2426 1237 2457 ecus
1272 2413 1316 2455 V
1344 2413 1417 2457 ale
1443 2426 1571 2457 secus
1596 2414 1641 2455 A
1664 2415 1678 2469 Η
1702 2427 1795 2469 qua

71 2479 83 2489 ·
111 2472 154 2514 V
181 2471 262 2528 qui
292 2475 338 2515 A
429 2477 514 2517 547
548 2473 625 2517 hic
658 2473 847 2516 Grotius
878 2471 987 2515 hinc
1028 2471 1114 2514 VA
1205 2476 1289 2515 549
1323 2472 1495 2516 borean
1536 2472 1579 2514 V
1606 2473 1795 2516 boream

102 2531 148 2575 A
185 2532 202 2587 ss
240 2531 366 2574 subit
396 2531 585 2575 Grotius
614 2530 740 2587 sapit
781 2531 866 2574 VA
904 2532 921 2585 ΙΙ
955 2530 1074 2573 alter
1105 2543 1332 2586 aquarum
1361 2544 1387 2573 v
1420 2530 1569 2574 altera
1600 2544 1795 2585 quarum

109 2588 225 2633 VAe
308 2594 394 2633 550
426 2591 584 2634 haurit
613 2591 659 2634 A
691 2590 845 2634 auriat
878 2589 954 2645 Vn
977 2588 1223 2644 funditque
1255 2588 1337 2632 ubi
1370 2588 1576 2644 ephebus
1604 2589 1795 2633 Grotius

105 2647 258 2692 fundit
298 2662 388 2703 quo
420 2649 631 2705 phoebus
665 2649 861 2705 (phebus
901 2648 960 2703 V)
1002 2647 1087 2690 VA
1188 2661 1233 2691 u.
1269 2650 1357 2692 550
1389 2647 1583 2691 Heinsio
1615 2653 1797 2692 auctore

102 2707 398 2751 subditicium
430 2721 518 2752 esse
550 2713 693 2752 censet
724 2707 1068 2751 Schaubachius
1156 2710 1242 2749 554
1276 2708 1443 2750 coeunt
1475 2706 1518 2748 V
1547 2708 1689 2750 count
1712 2707 1757 2749 A
1782 2709 1793 2763 j]

106 2764 291 2822 singula
321 2767 367 2809 A
399 2766 588 2822 cingula
629 2767 670 2808 V
690 2768 705 2821 ΙΙ
728 2781 910 2810 rursum
952 2765 995 2808 V
1021 2779 1177 2808 rursus
1211 2767 1254 2808 A
1378 2770 1462 2809 555
1504 2766 1719 2810 tenentur
1752 2768 1796 2809 A

106 2823 280 2867 teneut‘
322 2824 367 2867 V
481 2840 526 2869 u.
560 2828 650 2869 557
682 2825 951 2870 inscribitur
983 2822 1251 2868 PERSEVS
1295 2823 1380 2867 VA
