1940 3072
315 141 384 194 70
733 128 736 129 ’
826 147 828 149 ’
1011 133 1227 182 MEDEA
1370 184 1375 186 ,
1486 120 1532 136 “”
1587 166 1617 197 3
1776 161 1940 186 s

423 265 669 318 Funerea
693 263 792 316 sub
814 265 976 316 nocte
1002 264 1172 333 canit,
1200 264 1274 317 sic
1300 263 1459 316 anxia
1480 263 1684 318 nutrix:
1907 278 1940 314 .ss

316 345 399 386 310
419 334 654 404 Ingemit
678 336 732 386 et
754 333 1009 386 tremulas
1036 333 1287 387 diffundit
1316 336 1518 405 maesta
1542 333 1819 403 querellas.
1894 366 1896 370 s

423 404 663 458 Nuntius
689 404 895 457 interea
918 406 1122 456 maesto
1149 404 1298 457 uolat
1323 422 1413 457 ore
1439 404 1650 457 satelles

423 475 510 527 Ad
535 491 716 544 regem
741 475 1026 528 subuectus
1052 492 1188 543 equo
1200 515 1214 543 ,
1239 477 1527 543 natamque
1551 477 1800 543 tyranno⁵

422 545 634 597 Iudicat
658 546 848 615 ignoto
874 544 1074 613 passim
1097 545 1342 613 nupsisse
1368 545 1578 598 marito.
1881 602 1905 608 „

420 615 659 684 Expauit
683 615 914 683 genitor.
964 615 1039 667 sic
1065 614 1333 684 quondam
1357 616 1526 668 tristis
1551 615 1774 685 Agenor
1869 633 1873 635 ·
1917 622 1921 623 ’

314 696 395 736 315
420 684 670 739 Concidit
691 685 942 754 Europae
967 685 1147 739 senior
1169 682 1444 738 fraudatus
1469 703 1650 738 amore
1822 686 1829 688 “

422 754 558 809 Cum
582 756 814 808 nesciret
836 754 1009 808 adhuc
1033 773 1290 826 generum
1315 756 1570 808 meruisse
1596 755 1912 808 Tonantem.

421 825 524 880 Ira
563 827 708 879 dolor
743 844 945 878 numen
969 826 1139 894 pietas
1164 826 1365 879 iniuria
1390 843 1616 895 regnum

423 895 741 951 Concutiunt
775 895 1140 966 franguntque
1175 897 1377 965 uirum,
1413 897 1563 948 iubet
1587 913 1736 948 arma
1760 894 1917 947 mini*

1495 966 1636 1032 stris,

421 1036 669 1104 Coniuyii
694 1054 820 1088 nam
845 1036 989 1088 fama
1014 1035 1200 1088 ducem
1225 1036 1468 1105 rapiebat
1491 1037 1549 1088 in
1575 1053 1742 1088 enses,

315 1117 399 1156 320
421 1106 554 1159 Cum
573 1124 775 1175 poenas
794 1109 1100 1175 mortesque
1118 1109 1287 1175 parat,
1310 1106 1634 1159 uenitIndus
1650 1105 1717 1170 ad
1737 1105 1919 1172 aulam

418 1176 580 1228 Liber
605 1179 659 1228 et
682 1177 899 1246 egregia
923 1177 1236 1245 compressit
1259 1194 1391 1229 uoce
1416 1176 1709 1229 furentem:

420 1245 537 1299 tSic
562 1246 686 1313 tibi,
713 1250 918 1299 rector'
946 1247 1022 1299 ait
1048 1249 1310 1299 ‘mentem
1335 1247 1572 1316 possedit
1598 1246 1776 1299 inanis

418 1315 695 1386 Relligio‘?
733 1317 809 1369 sic
833 1317 1032 1386 pignus
1058 1335 1202 1369 amas
1228 1320 1290 1369 ut
1312 1317 1421 1369 tela
1445 1316 1740 1385 parentur?

421 1385 560 1447 Quid
585 1386 760 1439 furis?
801 1390 1047 1455 exspecta
1073 1387 1251 1439 dulces
1278 1387 1341 1439 de
1366 1387 1517 1456 prole
1542 1389 1781 1455 nepotes.

317 1466 398 1506 325
423 1455 768 1526 Uirginitatis
796 1475 930 1509 onus
956 1457 1147 1510 melior
1170 1457 1399 1510 tolerare
1426 1456 1670 1509 sacerdos

418 1525 546 1579 Non
570 1527 774 1595 potuit,
801 1527 1052 1579 feruescit
1076 1545 1286 1579 amans:
1326 1530 1380 1579 et
1405 1530 1552 1579 casta
1575 1526 1753 1579 Diana

419 1596 699 1648 Pastorem
727 1596 970 1650 confessa
995 1598 1187 1650 uirum.
1203 1603 1217 1624 '
1269 1598 1401 1649 haec
1426 1597 1587 1649 Liber
1611 1597 1802 1649 aiebat.

423 1666 730 1719 Mulcentur
754 1667 862 1719 iam
888 1668 1047 1720 corda
1073 1667 1220 1720 ducis
1245 1671 1531 1736 natamque
1556 1671 1817 1736 tyrannus

417 1736 623 1806 Purgat
648 1739 701 1789 et
726 1738 992 1806 extemplo
1019 1737 1237 1790 Medeae
1262 1737 1446 1790 laudat
1470 1755 1724 1790 amorem.

314 1818 396 1855 330
418 1805 505 1859 Sic
531 1807 727 1859 meruit
751 1808 965 1859 ueniam
995 1806 1253 1877 generum
1279 1808 1554 1860 confessus
1580 1807 1842 1874 Achilles,

419 1875 505 1929 Sic
529 1880 682 1945 pater
706 1878 920 1946 ignouit
943 1877 1265 1946 Lycomedes
1291 1881 1505 1946 pectore
1530 1881 1711 1945 natae,
1801 1924 1806 1928 ,

160 1959 213 1999 [p.
236 1959 293 1997 88]
421 1946 495 1999 Et
519 1947 786 2015 Pyrrhum
812 1949 1044 2016 suscepit
1068 1967 1199 2000 auus
1225 1949 1535 2017 gremioque
1560 1950 1814 2016 nepotem

421 2016 584 2069 Fouit
610 2021 663 2069 et
690 2017 755 2069 ad
780 2017 997 2070 Troiam
1020 2022 1143 2086 post
1168 2018 1392 2070 crimina
1416 2018 1562 2069 misit
1588 2017 1829 2069 Achillis.
1889 2054 1894 2058 «

422 2086 499 2139 Ut
524 2086 724 2155 Scytha
748 2088 987 2140 mollitus
1013 2088 1208 2140 blanda
1237 2088 1435 2156 pietate
1461 2088 1737 2155 mitescit,.

317 2167 398 2206 335
422 2155 550 2208 Mox
576 2158 724 2209 iubet
748 2161 808 2210 ut
833 2175 1090 2227 generum
1116 2159 1202 2210 uel
1227 2159 1424 2227 pignus
1450 2158 1590 2226 regis
1617 2158 1683 2208 ad
1709 2156 1883 2209 aulam

421 2226 681 2294 Deposito
708 2230 911 2280 terrore
936 2230 1147 2281 uocent.
1197 2231 1326 2280 tunc
1351 2228 1499 2297 regia
1523 2228 1673 2280 lauro

427 2370 508 2410 317
538 2382 630 2423 sqq.
663 2371 807 2410 eodem
836 2373 1092 2411 unclenarum
1113 2369 1242 2410 eirea‘
1261 2373 1475 2411 literarum
1506 2372 1730 2410 interuallo
1753 2383 1780 2409 a
1806 2382 1916 2409 mar-

310 2427 408 2477 9ine
445 2429 638 2466 reuocati
672 2432 780 2466 sunt.
838 2429 1049 2479 suppleuit
1079 2427 1236 2469 Bueclz.
1354 2429 1435 2467 317
1473 2440 1527 2466 an
1558 2427 1716 2478 regni?
1831 2426 1913 2466 319

313 2480 550 2533 rapiebant
586 2482 794 2535 rapiebat
825 2497 851 2536 γ
968 2485 1050 2524 324
1089 2484 1179 2533 Qui
1216 2496 1330 2525 corr.
1363 2483 1524 2524 Baeelz.
1639 2483 1721 2523 227
1758 2484 1915 2522 tolera-

314 2536 394 2577 bile
428 2537 619 2586 fortasse
660 2538 831 2591 agebat
866 2537 1064 2590 (Rueck.)
1182 2541 1263 2580 328
1302 2544 1399 2579 ante
1437 2542 1683 2591 natamque
1723 2540 1915 2590 leguntur

314 2595 428 2632 nant
466 2594 545 2633 sed
581 2599 809 2645 expuncta.
877 2598 1155 2646 nautamque
1191 2595 1356 2635 scribas
1394 2599 1562 2647 oportet
1600 2595 1682 2634 nisi
1718 2605 1916 2634 amorem

310 2649 554 2701 significare
593 2652 791 2690 amatum
827 2663 963 2690 sumas
1091 2652 1170 2692 331
1212 2651 1410 2691 innotuit
1445 2649 1709 2690 Licomedes
1831 2651 1913 2690 333

313 2703 507 2745 Achillis
550 2708 817 2757 corruptelae
853 2708 973 2760 siyno
1020 2712 1204 2747 notatum
1249 2714 1313 2748 est
1455 2708 1537 2747 334
1574 2707 1680 2757 fort.
1719 2705 1915 2759 tepescit

312 2759 473 2802 Buech.
610 2763 692 2802 336
723 2766 882 2815 rogent
913 2776 1025 2803 corr.
1059 2762 1218 2805 Bueclz.
1252 2767 1350 2803 ante
1379 2761 1507 2803 lauro
1537 2764 1696 2816 signum
1725 2764 1912 2803 omissio-

314 2818 380 2921 ῗίιζε
410 2818 669 2925 porzsipz'csstitur)⁴
690 2831 769 2870 quo
799 2820 1037 2859 adiunctum
1059 2824 1121 2859 est
1153 2820 1266 2872 quod
1292 2820 1334 2859 in
1362 2821 1548 2872 margine
1570 2820 1722 2872 legitur
1745 2817 1911 2858 electio

358 2884 408 2911 or
432 2902 439 2910 .
474 2884 496 2912 e
519 2885 570 2913 ec
595 2886 642 2913 ro
