1940 3072
717 107 1164 206 -45-,

57 260 241 316 cedere
279 277 376 330 per
414 260 626 329 spinam
664 259 829 313 rutila
867 259 1084 313 labente
1124 277 1326 314 corona

58 353 269 405 semper
307 334 586 404 suspicies,
627 335 683 386 at
719 333 860 403 tergi
897 334 1131 402 plurima
1167 352 1383 387 uersum

6 421 25 463 5
54 412 244 463 uentre
281 411 440 471 tenus
481 425 690 462 summo
729 425 926 476 supera
963 408 1104 460 inter
1142 408 1318 461 sidera
1355 425 1559 461 cernes:

58 501 118 536 os
157 485 212 536 εὴ
251 482 390 536 colla
427 481 622 535 dehinc
661 484 717 534 et
752 484 974 550 pectora
1012 485 1168 535 uasta
1205 501 1302 551 per
1340 499 1541 551 aequor

0 620 1 623 Ἴ
56 559 375 610 mersantur.
450 555 648 624 premit
686 555 753 608 ab
792 555 1020 625 genibus
1060 556 1231 610 celsos
1271 555 1600 624 Ophiuchum

0 626 1 632 ’
56 648 226 700 usque
263 647 478 683 umeros
518 647 720 697 cancer,
758 646 947 682 cancer
983 629 1183 698 premit
1221 633 1371 683 ortus
1411 632 1466 682 et
1497 645 1741 700 anguem,

58 704 273 773 agmine
311 722 417 772 qua
454 706 612 757 uasto
650 703 831 756 fluitat
870 705 1049 772 caput,
1089 721 1277 772 aspera
1316 703 1494 756 ceruix

9 791 26 832 )
59 796 164 847 qua
202 781 376 830 tumet
415 780 470 830 et
507 777 668 846 spiris
707 795 812 845 qua
851 779 1075 846 turgent
1111 779 1331 846 pectora
1368 777 1570 846 primis.

57 853 211 920 parte
249 869 348 904 nec
387 850 650 904 Arcturus
690 850 916 903 distabit
954 852 1153 903 multus
1193 854 1441 920 utraque,

56 925 167 977 iam
204 924 381 978 minor
417 925 475 978 in
515 924 745 994 superiS,
784 924 894 976 iam
931 925 1141 979 uiscera
1177 924 1439 994 plurimus
1480 925 1591 977 alto

56 998 320 1052 conditur.
396 998 538 1051 hunc
577 998 776 1051 etenim
815 1001 1119 1051 consortem
1157 1001 1414 1068 quattuor
1452 998 1614 1052 astris

59 1071 302 1126 Oceanus
340 1071 545 1140 recipit.
623 1073 773 1125 satur
810 1071 897 1125 hic
936 1072 1027 1125 uix
1065 1073 1282 1125 luminis
1324 1073 1498 1126 omnis

11 1158 27 1200 5
60 1146 201 1199 cedit
239 1149 294 1199 et
330 1146 592 1214 incipiens
631 1145 850 1199 tandem
889 1164 1128 1199 conuexa
1166 1146 1440 1215 relinquit.

58 1223 176 1272 tum
214 1220 322 1272 iam
360 1220 480 1289 plus
520 1219 710 1272 mediis
748 1238 858 1273 nox
894 1219 1242 1273 inclinabitur
1279 1219 1451 1287 horis,

58 1311 180 1346 cum
217 1294 436 1346 labente
474 1293 560 1346 die
597 1292 816 1346 Phoebo
855 1311 1032 1346 comes
1072 1293 1174 1346 ibit
1211 1295 1265 1346 in
1306 1294 1492 1347 undas.

57 1367 164 1419 ista
204 1367 421 1437 quidem
458 1367 602 1420 uasti
640 1366 943 1420 conduntur
982 1368 1210 1436 gurgitis
1252 1367 1364 1420 alto
1374 1409 1388 1437 ,

60 1444 247 1494 contra
285 1444 464 1494 autem
502 1441 651 1494 nullo
690 1457 834 1493 reses
874 1443 1052 1493 ortum
1091 1441 1297 1494 uiscere
1336 1440 1542 1510 profert

14 1526 30 1568 J
63 1513 251 1584 Orion,
290 1515 516 1567 rutilans
557 1514 802 1567 ardentia
840 1514 1059 1584 cingula
1097 1514 1226 1583 late,

62 1591 116 1640 et
152 1588 385 1658 flagrans
424 1606 637 1641 umeros
677 1590 732 1640 ct
770 1587 1054 1656 splendens
1094 1605 1220 1642 ense
1260 1606 1480 1641 corusco

61 1661 463 1731 Eridanumque
500 1662 720 1714 trahens
762 1662 869 1716 alio
910 1680 966 1714 se
1004 1662 1162 1714 litore
1202 1662 1416 1731 promit.

135 1735 472 1788 Adueniente
512 1735 704 1788 dehinc
743 1735 942 1793 uilloso„
979 1735 1121 1788 colla
1158 1736 1342 1789 leone

64 1809 266 1878 omnia,
306 1827 440 1879 quae
480 1826 672 1862 cancro
715 1826 829 1862 sese
870 1811 1176 1877 emergente
1216 1827 1311 1878 per
1350 1809 1593 1862 aethram

16 1894 30 1936 5
63 1883 388 1948 extulerant,
429 1883 643 1937 abeunt.
720 1883 850 1951 quin
889 1885 944 1934 et
981 1882 1128 1936 Iouis
1170 1883 1280 1935 ales
1319 1882 1377 1935 in
1417 1883 1589 1935 undas

63 1956 308 2009 conditur
346 1960 400 2009 et
439 1957 569 2009 totis
609 1957 808 2025 raptim
848 1956 985 2024 petit
1024 1974 1257 2027 aequora
1295 1957 1493 2026 pinnis.

62 2031 156 2083 sed
193 2031 349 2083 nixus
390 2032 614 2100 genibus
652 2031 908 2099 replicato
949 2048 1099 2083 crure
1137 2030 1376 2083 residens

184 2195 292 2235 10Βῖ
330 2204 487 2236 cernes
517 2189 565 2234 A
597 2203 757 2235 carnes
796 2189 841 2233 V
907 2193 1019 2234 1087
1053 2190 1199 2234 celsos
1232 2189 1516 2246 Ophiuchum
1547 2188 1593 2233 A
1625 2189 1746 2234 celso

49 2248 290 2305 *sophuicfi
338 2249 377 2293 V
529 2254 641 2293 1089
688 2248 843 2292 fluitat
881 2248 1069 2293 Grotius
1112 2247 1235 2304 pluit
1283 2248 1342 2292 ad
1397 2248 1482 2292 VA
1635 2253 1748 2292 1090

66 2322 159 2363 qua
203 2309 356 2352 tumet
402 2310 449 2352 et
494 2322 516 2352 e
555 2307 742 2361 Quanti]
776 2309 824 2351 et
870 2307 915 2350 V
950 2306 1185 2359 Quantum
1216 2307 1333 2351 etA
1467 2311 1581 2351 1093
1627 2307 1749 2350 hunc
1815 2351 1817 2353 ,

74 2366 119 2410 V
143 2365 221 2410 hic
244 2367 290 2410 A
368 2371 482 2411 1094
514 2368 643 2411 satur
672 2366 750 2409 hic
781 2367 861 2409 uix
890 2365 1078 2409 luminis
1111 2365 1155 2408 V
1181 2379 1263 2409 om.
1297 2366 1342 2409 A
1366 2368 1382 2421 ΙΙ
1406 2365 1554 2410 omnis
1585 2366 1751 2420 scripsi

65 2425 121 2481 cf.
162 2425 350 2470 Hermes
390 2425 528 2469 XVI
555 2428 740 2483 p.123
776 2439 823 2469 n.
865 2428 924 2469 75
967 2424 1116 2468 amnis
1164 2424 1251 2468 VA
1374 2429 1486 2469 1095
1525 2424 1750 2479 incipiens

67 2484 257 2529 Grotius
285 2483 547 2541 inspaciens
588 2484 633 2527 V
667 2483 916 2539 inspiciens
949 2483 994 2527 A
1116 2487 1229 2527 1097
1263 2483 1451 2528 Phoebo
1493 2483 1537 2526 V
1565 2482 1750 2526 Phoebe

75 2542 195 2586 VAe
215 2544 233 2600 ΙΙ
254 2542 441 2587 labente
473 2543 518 2587 A
551 2543 748 2587 labende
788 2541 833 2585 V
928 2546 1041 2586 1099
1074 2541 1203 2587 nullo
1235 2556 1359 2586 reses
1392 2545 1543 2586 ortum
1574 2541 1750 2585 uiscere

65 2600 245 2659 profert
265 2602 429 2658 scripsi
452 2602 510 2657 cf.
527 2601 715 2646 Hermes
734 2601 856 2644 XII
868 2614 918 2658 p.
939 2605 1029 2646 157
1051 2614 1096 2644 n.
1122 2604 1186 2646 25
1210 2600 1391 2645 nullo·
1363 2617 1392 2644 n
1417 2601 1551 2644 uultu
1574 2600 1750 2644 uiscere

68 2687 236 2718 uorans
275 2673 321 2717 V
349 2675 478 2720 nullo
505 2689 600 2718 non
630 2674 811 2718 uultum
845 2673 1019 2719 uiscere
1047 2659 1220 2718 'iiorans
1244 2674 1288 2718 A
1419 2679 1533 2718 1100
1564 2672 1753 2728 cingula

78 2732 122 2775 V
149 2733 314 2789 sydera
345 2735 389 2777 A
511 2738 623 2777 1102
665 2732 1007 2787 Eridanumque
1038 2747 1065 2777 v
1101 2732 1477 2789 Heridanumque
1519 2732 1588 2776 Ve
1621 2731 1751 2776 Heri-

70 2790 350 2848 dianumque
382 2792 428 2836 A
458 2794 473 2847 Η
504 2792 596 2836 alio
629 2806 677 2836 se
714 2806 741 2835 v
780 2791 896 2836 alios
937 2806 961 2835 e
1010 2791 1133 2835 VAe
1280 2796 1392 2835 1103
1432 2792 1566 2836 leone
1604 2791 1650 2835 A
1688 2790 1751 2833 le·

59 2862 187 2894 sonae
227 2849 272 2893 V
365 2855 476 2896 1107
510 2865 638 2896 crure
671 2850 914 2896 Schrader-i
943 2851 1287 2896 commentarius
1316 2850 1466 2895 Berol.
1500 2850 1625 2895 lucre
1665 2849 1752 2894 VA
