1940 3072
511 129 515 132 ’
579 127 668 204 vri
697 145 922 205 iem-159
951 140 1069 205 vm
1093 164 1231 205 1-48
1316 159 1320 162 ’
1643 163 1711 218 31

208 283 478 356 *Pergama
494 283 864 351 Dardanidum
880 286 1086 340 >uindex
1110 286 1169 339 in
1192 286 1336 346 bella
1360 286 1651 342 lacessens:

79 360 90 370 ‘
160 370 178 420 ᾖ
204 353 288 425 Εἰς
309 355 407 424 qui
427 354 688 409 Troianos
715 356 916 410 inuasit
937 360 1099 410 nocte
1122 359 1285 426 poeta

36 470 43 485 ,
130 435 187 487 20
211 425 464 480 Armatos
489 426 616 479 dum
640 426 833 479 clausit
856 443 1011 496 equo,
1038 427 1131 496 qui
1155 426 1371 480 moenia
1393 427 1587 482 Troiae

127 560 131 562 Y
211 494 450 549 Perculit
473 499 527 549 et
549 495 822 549 Priamum
847 496 1055 566 Pyrrho
1080 497 1306 550 feriente
1330 499 1572 551 necauit:

134 571 139 573 ’
211 565 450 619 Numina
469 570 649 619 uestra
664 584 862 620 uocans
875 566 1133 636 quidquid
1149 568 1473 636 contempsit
1487 571 1711 638 uterque

213 634 453 690 Scribere
477 635 823 707 MusageneS,
849 637 952 690 hoc
976 638 1100 690 uilis
1128 637 1324 707 colligo
1350 641 1515 692 uateS.

128 740 137 743 »
211 705 333 759 Reli
371 707 486 760 uias
511 707 738 776 praedae
764 708 951 777 uulpes
978 725 1189 776 sperare
1214 708 1435 760 leonum

129 786 185 826 25
218 725 414 830 Laudis
439 777 658 846 habent,
684 779 940 831 meruisse
966 778 1112 831 cibos
1132 796 1266 847 quos
1286 782 1442 846 pasta
1466 784 1716 834 recusant

168 859 170 861 ’
213 845 435 900 Uiscera
458 866 592 916 quos
618 848 792 900 rabies
818 849 926 900 iam
950 867 1063 901 non
1085 848 1269 902 ieiuna
1292 849 1516 917 remisit,

141 943 145 951 κ
209 916 475 971 Exultant
498 918 851 987 praedamque
877 922 1071 986 putant
1094 918 1238 970 nuda
1264 936 1383 971 ossa
1407 918 1657 973 ferentes,

121 1034 124 1035 γ
209 988 395 1040 Attica
419 1007 527 1042 uox
550 992 629 1057 te,
659 992 864 1058 sancte,
891 989 1058 1057 fouet,
1083 992 1136 1041 te
1161 989 1349 1058 lingua
1373 988 1571 1042 Latina

212 1056 587 1112 Commendat:
621 1059 840 1128 uulgate
865 1078 1055 1128 precor
1080 1077 1215 1128 quae
1241 1077 1399 1111 causa
1422 1063 1707 1115 nocentem

64 1159 69 1161 -
127 1137 184 1177 30
209 1127 362 1181 Fecit
384 1129 774 1196 Alexandrum,
801 1133 960 1198 raptu
985 1133 1047 1182 ut
1071 1129 1327 1198 spoliaret
1350 1131 1619 1198 Amyclas,

211 1197 538 1252 Caelicolum
560 1204 746 1269 pastor
770 1200 878 1253 iam
904 1200 1112 1253 sederat
1137 1200 1336 1252 arbiter
1359 1199 1470 1266 Ida,
1728 1212 1778 1255 {p-
1800 1213 1856 1256 38]

208 1268 325 1321 Iam
349 1271 611 1339 gremium
637 1289 868 1339 caespeS,
895 1271 1002 1323 iam
1027 1287 1251 1339 surgens
1276 1269 1498 1322 herbida
1522 1271 1682 1324 tellus

127 1350 135 1355 “
211 1337 399 1392 Stabat
423 1345 477 1394 et
500 1341 797 1394 aetherium
822 1341 1038 1393 fuerant
1061 1341 1290 1393 herbosa
1315 1341 1569 1393 tribunal.

212 1407 460 1463 Soluerat
481 1411 679 1464 Iliacus
705 1411 837 1463 caeli
860 1412 1174 1464 uadimonia
1198 1414 1381 1478 pastor
1404 1408 1419 1414 ⁸

126 1488 182 1528 35
210 1479 284 1532 Et
307 1480 458 1533 litem
482 1481 616 1534 facit
638 1482 753 1550 ipse
780 1499 961 1549 suam,
996 1481 1214 1533 laudata
1238 1480 1438 1532 recedit

212 1548 533 1620 Contempta
554 1552 762 1605 Iunone
788 1550 999 1619 UenuS,
1026 1556 1156 1604 tunc
1181 1551 1336 1620 uirgo
1365 1550 1556 1603 decora

211 1619 370 1673 Uicta
394 1621 562 1690 dolet,
589 1641 716 1675 nam
740 1622 909 1675 tristis
936 1622 1072 1675 abit:
1098 1622 1203 1674 heu
1227 1621 1406 1673 nescia
1431 1639 1582 1674 mens
1609 1625 1689 1674 est

211 1689 358 1753 Quae
383 1692 526 1744 mala
545 1693 891 1746 circumstent
921 1711 1110 1745 ausum
1133 1692 1256 1744 dare
1283 1692 1400 1743 iura
1420 1690 1712 1745 Mineruae.

207 1760 405 1814 Iudicis
430 1762 577 1814 Idaei
602 1764 775 1830 pretio
803 1763 1070 1815 sententia
1095 1763 1267 1815 fertur

126 1838 183 1879 40
211 1830 615 1901 Damnaturque
642 1833 807 1886 Paris,
858 1851 957 1885 nec
983 1833 1128 1885 solus
1154 1836 1337 1900 pastor
1360 1831 1591 1884 habetur

210 1901 294 1954 Ex
320 1902 421 1954 hac
447 1903 540 1955 lite
565 1922 709 1956 reus:
737 1905 1060 1956 damnantur
1084 1907 1257 1954 morte
1283 1905 1551 1968 parenteS,

209 1971 550 2026 Damnantur
573 1974 765 2026 fratres
793 1977 846 2025 et
872 1973 1111 2041 quisquis
1139 1974 1197 2024 in
1221 1972 1352 2024 urbe
1378 1972 1713 2040 propinquus

209 2044 323 2095 Aut
347 2048 608 2113 cognatus
635 2049 771 2112 erat,
800 2048 1019 2096 cunctos
1044 2061 1187 2096 mors
1213 2041 1449 2110 explicat
1472 2060 1594 2094 una.

213 2112 477 2182 Troiaque
502 2119 563 2168 ut
585 2115 773 2167 infelix
798 2115 925 2166 urbs
950 2117 1160 2166 tantum
1186 2115 1357 2165 morte
1383 2112 1600 2181 periret,

126 2191 181 2231 45
215 2181 558 2237 Damnantur
583 2188 785 2254 gentes,
815 2185 1099 2236 damnatur
1126 2183 1350 2235 Graecia
1377 2182 1564 2234 sollers

207 2252 330 2305 Heu
354 2255 565 2324 magnis
590 2256 862 2308 uiduanda
887 2255 1016 2307 uiris
1028 2296 1042 2321 ,
1071 2255 1291 2306 orbatur
1315 2255 1371 2304 et
1390 2251 1501 2304 Eos

209 2322 497 2377 Memnone
522 2325 779 2395 belligero
795 2368 809 2394 ,
837 2325 1121 2377 damnatur
1145 2322 1433 2376 Thessalus
1458 2323 1618 2375 heros

208 2393 282 2446 Et
305 2393 594 2448 Telamone
621 2400 784 2463 satUS,
810 2398 1039 2464 pereunt
1064 2394 1168 2447 duo
1195 2394 1427 2446 fulmina
1452 2392 1596 2460 belli,

215 2570 271 2608 20
299 2567 485 2606 Armato
515 2580 629 2607 corr.
660 2566 820 2609 Bueclz.
851 2580 902 2605 m.
934 2566 986 2605 rh
1109 2567 1163 2606 23
1195 2563 1375 2616 college
1493 2565 1547 2602 30
1578 2566 1713 2614 raptu

44 2647 58 2650 -
103 2621 305 2676 spoliare
420 2625 473 2664 31
513 2627 699 2676 praetor
735 2636 847 2663 corr.
877 2621 1037 2665 Buech.
1071 2620 1077 2672 Ι
1109 2621 1232 2660 Idem
1264 2633 1378 2660 corr.
1411 2618 1570 2658 Bueelz.
1599 2618 1712 2658 Idae

102 2677 131 2717 J
141 2679 196 2718 M
288 2680 343 2720 34
374 2677 544 2719 Iliacas
575 2678 733 2719 corr-‚I
743 2678 792 2717 M
899 2678 953 2718 36
984 2673 1171 2729 deeora]
1200 2677 1307 2727 fort.
1330 2681 1572 2725 corruptum
1658 2675 1712 2715 3⁷

105 2732 221 2785 abijt
330 2736 388 2774 42
421 2735 464 2774 in
494 2739 636 2775 morte
752 2736 807 2775 43
839 2733 1049 2786 implicat
1079 2733 1106 2772 J
1117 2732 1172 2771 M
1280 2732 1335 2771 44
1366 2732 1445 2783 Aq3
1477 2730 1584 2771 Troi
1613 2743 1714 2782 sup-

103 2792 235 2842 pleuit
264 2790 423 2834 Bneclz.
448 2789 607 2841 (Troia
637 2793 678 2830 in
709 2792 896 2843 margine
925 2787 1170 2840 ascriptum)
1202 2789 1382 2839 spatium
1414 2799 1497 2827 non
1526 2787 1714 2827 relictum

109 2845 114 2897 ζ
147 2846 339 2887 infoelix
379 2846 385 2897 Ι
427 2851 562 2886 tanta
593 2846 754 2889 Buech.
782 2847 1008 2898 proposuit
1048 2844 1053 2896 Ι
1094 2844 1267 2897 perriet
1309 2856 1423 2886 corr.
1457 2842 1544 2882 IM
1658 2843 1713 2882 46

106 2914 230 2944 eous.
265 2907 310 2942 et
352 2915 427 2943 cos
467 2903 558 2942 [Μ
