1940 3072
30 418 86 460 85

27 789 86 830 90

29 1157 86 1199 95

9 1527 88 1569 100

794 139 1120 192 —5-

121 256 327 321 omnia,
365 255 628 309 sideribus
667 274 881 310 cassum
918 256 982 310 fit
1020 259 1198 310 cetera
1234 257 1444 326 uolgus,

118 330 337 383 mobilis
377 347 444 382 en
483 330 646 383 etiam
684 330 871 383 mundi
910 348 967 384 se
1006 330 1256 384 machina
1293 332 1476 383 uersat

117 403 371 474 ponderis
411 406 465 456 et
502 405 708 473 proprii
747 404 919 457 trahit
956 405 1233 458 inclinatio
1275 405 1496 458 eaelum.

119 478 211 531 sed
250 495 361 531 non
401 478 516 531 axis
556 479 687 531 item
726 478 876 531 curui
915 479 1181 548 uertigine
1219 478 1390 531 fertur

119 551 352 605 aetheris
360 593 374 620 ,
411 554 474 604 ut
512 552 668 605 stilus
707 552 950 606 instabili
988 552 1328 606 conuoluitur
1367 551 1506 621 orbi,

117 643 287 695 usque
325 628 511 679 manet
545 626 830 696 tenuisque
868 627 1055 696 procul
1094 644 1247 680 sacra
1285 626 1497 679 uiscera
1538 626 1672 678 caeli

116 699 357 768 perforat
396 702 450 752 et
487 700 695 753 mediae
733 700 934 753 molem
971 704 1146 754 terrae
1184 702 1352 752 tenet.
1420 700 1574 752 illum

118 791 228 827 non
264 774 478 843 prolixa
517 773 655 842 dies,
695 792 805 828 non
843 774 1206 827 incumbentis
1246 772 1464 843 Olympi

118 865 304 900 cursus
346 847 460 917 agit
500 850 739 900 motatue
778 848 897 901 loco
935 848 1112 918 labor,
1148 850 1211 900 ut
1251 848 1416 899 semel
1453 846 1680 899 haerens

118 921 364 974 constitit
401 924 456 973 et
492 921 623 973 ferri
662 939 717 974 se
758 922 957 974 circum
997 924 1194 976 cuneta
1230 921 1453 973 remisit.

191 993 305 1048 Nee
344 995 522 1048 minus
563 997 802 1049 extremo
842 996 1026 1064 dispar
1062 996 1233 1065 polus
1311 993 1521 1047 Oceano
1561 1012 1687 1063 pars

118 1068 346 1121 sublime
385 1069 632 1138 erigitur,
671 1069 819 1122 subit
857 1070 1051 1139 altera,
1088 1087 1266 1123 mersa
1306 1069 1404 1121 sub
1444 1068 1639 1136 undaS‚

118 1160 244 1211 pars
283 1141 524 1195 Erebum
565 1146 618 1195 et
655 1143 800 1212 nigri
837 1144 978 1196 iacet
1014 1144 1147 1197 haee
1184 1146 1247 1196 ut
1285 1143 1500 1195 conscia
1537 1141 1699 1195 Ditis,

118 1216 206 1269 hie
244 1219 428 1286 notus,
466 1216 744 1269 horriferis
785 1218 1127 1286 aquilonibus
1165 1217 1263 1269 illa
1300 1217 1578 1286 rigescunt

121 1308 181 1343 ae
220 1292 359 1343 teres
399 1289 455 1342 in
495 1291 711 1360 gemina
751 1291 932 1343 stridit
969 1291 1233 1361 uertigine
1273 1290 1448 1343 cardo.

121 1364 258 1416 alter
295 1364 355 1415 in
394 1366 644 1432 optutum
683 1363 883 1434 facilis,
920 1366 1059 1418 latet
1097 1366 1232 1418 alter
1271 1366 1325 1416 et
1363 1364 1472 1416 alto

124 1437 441 1506 deprimitur
477 1437 752 1490 barathro,
828 1439 921 1491 sed
962 1457 1071 1508 qua
1110 1438 1392 1492 sublimior
1431 1437 1544 1490 axis

121 1510 359 1581 Tethyos
399 1510 636 1564 undosae
675 1512 873 1581 linquit
911 1517 1092 1566 cetosa
1129 1512 1355 1579 fluenta,

120 1585 507 1654 contemplare,
547 1603 726 1638 sacras
766 1589 828 1638 ut
864 1586 1096 1639 mundus
1137 1585 1385 1655 subrigat
1424 1587 1654 1637 arctos.

120 1659 196 1711 sic
236 1661 440 1711 astrum
479 1658 585 1711 dici
625 1657 848 1712 Cnidius
889 1660 1057 1730 dedit,
1096 1659 1317 1712 Ausone
1357 1658 1572 1711 easdem

118 1749 248 1785 uoce
286 1731 428 1784 feras
467 1750 767 1802 ursasque
807 1736 861 1785 et
898 1734 1195 1802 plaustra
1232 1750 1426 1785 uocare
1467 1732 1722 1800 solemuS‚

118 1805 303 1859 fabula
341 1824 573 1875 namque
612 1824 788 1870 ursaS,
827 1807 1031 1875 species
1072 1807 1164 1859 dat
1202 1806 1449 1875 plaustra
1486 1805 1676 1858 uideri.

239 1970 295 2010 83
336 1967 491 2011 cetera
538 1965 577 2010 V
616 1968 663 2010 et
701 1966 893 2010 aethera
930 1966 976 2009 A
1107 1969 1165 2009 84
1205 1964 1391 2010 mobilis
1440 1964 1509 2009 170
1546 1963 1729 2009 Nobilis
1761 1964 1807 2008 A

121 2029 177 2070 85
209 2023 452 2070 inclinatio
494 2025 563 2069 Ve
595 2024 645 2069 in
683 2024 841 2069 lieetio
873 2024 919 2068 A
1039 2028 1095 2069 86
1128 2024 1227 2069 axis
1258 2023 1373 2069 item
1405 2037 1427 2068 e
1458 2022 1588 2068 adsix
1617 2022 1732 2067 item
1772 2020 1814 2066 V

121 2084 181 2128 ad
212 2082 398 2129 sixitem
428 2084 474 2127 A
504 2086 520 2141 [1
551 2083 680 2128 curui
721 2084 784 2128 170
814 2098 895 2128 eur
925 2083 974 2127 ui
1004 2084 1050 2127 A
1163 2087 1220 2129 87
1252 2084 1306 2127 ut
1334 2096 1362 2127 v
1392 2084 1476 2126 aut
1516 2082 1633 2127 VAe
1662 2084 1678 2139 u
1709 2080 1811 2127 orbi

127 2142 196 2188 Ve
226 2143 286 2187 ob
318 2142 421 2187 orbi
452 2144 529 2199 (ob
561 2143 726 2192 deleuit
754 2155 918 2187 manus
943 2144 986 2198 1)
1020 2142 1067 2186 A
1158 2145 1214 2186 88
1248 2155 1392 2197 usque
1415 2141 1639 2186 Nicolaus
1664 2141 1812 2185 Hein-

120 2203 218 2247 sius
247 2201 350 2246 luce
383 2201 500 2246 VAe
528 2202 630 2259 ipse
659 2201 849 2247 Grotius
870 2203 887 2258 ΙΙ
909 2200 1153 2258 tenuisque
1182 2199 1372 2246 Grotius
1393 2202 1622 2256 tenusque
1656 2200 1774 2244 VAe
1797 2200 1812 2257 Η

122 2274 252 2306 sacra
283 2274 304 2304 0
335 2262 531 2305 correxit
560 2262 605 2304 A
639 2275 776 2318 sagra
815 2261 859 2304 V
993 2265 1050 2304 90
1080 2260 1261 2317 prolixa
1292 2274 1314 2304 e
1343 2259 1510 2303 frolixa
1548 2258 1591 2302 V
1616 2259 1814 2316 prolyxa

120 2321 166 2364 A
196 2322 212 2377 {1
245 2319 554 2364 incumbentis
586 2320 663 2365 Ae
700 2318 960 2364 incubentis
1000 2319 1045 2362 V
1160 2324 1215 2364 91
1256 2320 1465 2363 motatue
1503 2332 1526 2363 0
1562 2319 1713 2362 motat
1751 2331 1810 2361 ue

121 2381 166 2422 A
205 2378 434 2422 motatuel
481 2379 525 2422 V
657 2384 714 2424 93
760 2392 845 2422 nec
883 2378 1035 2422 minus
1083 2377 1199 2422 VAe
1240 2377 1483 2422 Terminus
1525 2377 1714 2421 Grotius
1752 2377 1811 2430 cf.

122 2438 312 2482 Hermes
343 2436 428 2480 XI
444 2451 494 2494 p.
528 2439 624 2482 248
655 2452 700 2482 n.
735 2441 763 2482 3
855 2441 911 2481 95
943 2436 1145 2481 Erebum
1182 2435 1267 2480 VA
1299 2436 1522 2480 herebum
1556 2449 1578 2479 e
1669 2439 1724 2478 97
1759 2449 1813 2479 ae

121 2501 244 2540 teres
277 2496 340 2540 170
362 2509 477 2541 corr.
501 2510 668 2549 manus
690 2501 722 2542 2
747 2496 792 2539 A
817 2498 831 2553 ΙΙ
855 2495 1011 2539 stridit
1043 2495 1106 2539 Ve
1133 2494 1302 2539 stridet
1324 2496 1370 2538 A
1462 2498 1518 2538 98
1543 2495 1600 2549 cf.
1626 2493 1815 2537 Hermes

126 2554 229 2599 XV
250 2568 298 2611 p.
331 2559 425 2600 188
455 2570 501 2599 n.
535 2559 595 2600 70
686 2559 742 2599 99
778 2554 996 2598 barathro
1035 2554 1097 2598 170
1127 2554 1316 2598 baratro
1340 2554 1385 2596 A
1408 2554 1424 2609 ss
1448 2567 1541 2608 qua
1572 2551 1815 2596 sublimior

124 2614 201 2657 Ae
232 2612 348 2670 quas
372 2613 454 2658 ubi
475 2613 631 2659 limior
663 2614 707 2657 V
797 2618 881 2657 100
904 2613 1078 2668 linquit
1109 2613 1170 2656 170
1194 2612 1333 2667 liquit
1355 2613 1401 2655 A
1496 2615 1576 2655 101
1604 2610 1816 2666 subrigat

123 2672 290 2728 scripsi
319 2673 378 2727 cf.
402 2672 591 2717 Hermes
624 2673 760 2717 XVI
780 2686 831 2728 p.
857 2674 949 2716 124
972 2686 1017 2717 n.
1044 2675 1103 2717 77
1129 2670 1307 2726 subitat
1339 2670 1382 2713 V
1411 2669 1588 2714 subitat
1610 2671 1656 2713 A
1689 2668 1814 2713 subi-

125 2732 209 2787 gat
238 2744 260 2775 0
382 2736 464 2775 102
502 2730 689 2776 Cnidius
721 2746 747 2775 v
779 2731 980 2787 Cnydius
1011 2731 1056 2774 A
1088 2728 1273 2786 gnidius
1313 2728 1376 2774 Ve
1476 2733 1559 2773 103
1592 2741 1814 2783 ursasque

126 2791 176 2834 et
207 2788 269 2833 Ve
299 2804 429 2834 ursas
460 2805 550 2851 que
574 2791 619 2834 A
643 2792 658 2847 ΙΙ
681 2790 893 2847 plaustra
917 2790 992 2834 Ae
1022 2789 1199 2846 plastra
1236 2788 1312 2844 1711
1336 2788 1536 2832 solemus
1560 2788 1638 2833 Ae
1669 2787 1814 2832 solem

135 2848 178 2892 V
299 2853 382 2893 104
413 2863 543 2893 ursas
577 2863 601 2893 v
632 2863 741 2893 ursa
779 2848 894 2892 17Αο
