1940 3072
3 295 81 338 185

23 665 80 706 90

23 1033 79 1074 95

21 1404 78 1444 00

22 1773 79 1814 05

27 2142 81 2183 10

777 167 1137 220 -61-

114 283 347 338 suffusus
386 284 574 353 rutilo,
612 302 740 338 mox
776 287 1096 355 tempestate
1137 303 1326 339 sonora

111 375 425 428 spumosum
462 358 571 411 late
608 358 836 429 pelagus
876 377 1153 413 canescere
1193 377 1390 412 cernes,

110 432 284 485 maior
322 435 376 484 et
412 431 545 485 haec
582 433 731 485 rauci
767 434 1010 487 uersabit
1049 434 1282 503 gurgitis
1321 433 1517 502 undas,

110 505 232 575 ipsa
271 523 481 576 quoque
519 506 785 560 inmodice
825 508 871 560 si
908 509 1120 561 uultum
1157 508 1287 560 luna
1324 508 1589 562 rubescat.

186 577 596 648 Contemplator
635 580 787 650 item,
829 599 922 635 seu
962 582 1182 651 plenum
1221 581 1440 635 luminis
1481 583 1664 635 orbem

111 651 343 722 Cynthia
382 653 660 723 distendit,
701 672 793 707 seu
833 673 953 709 cum
992 657 1134 709 teres
1174 655 1410 708 ambitus
1451 656 1546 709 olli

112 726 350 780 caeditur
388 730 442 780 et
478 728 684 781 mediae
722 730 874 782 uelut
911 729 1099 800 indiga
1136 729 1272 783 lucis
1311 729 1579 800 utrimque

111 801 343 854 sustinet
382 801 643 855 obductae
684 802 899 856 sibimet
939 803 1217 872 dispendia
1254 804 1484 873 formae,

111 892 311 927 cornua
348 875 526 943 prima
563 876 778 945 replens
818 880 872 930 et
911 895 1112 930 cornua
1152 877 1295 930 fessa
1334 878 1630 932 dehiscens,

110 948 287 1002 induit
326 967 387 1002 ac
428 950 641 1019 qualem
679 951 971 1019 procedens
1013 969 1104 1005 ore
1144 951 1401 1021 colorem,
1639 965 1647 972 ’

111 1022 253 1076 hunc
290 1023 558 1093 perpende
598 1025 790 1094 oculiS‚
829 1025 949 1094 ipso
990 1026 1257 1079 monitore
1298 1026 1502 1078 dierum

111 1096 270 1165 signa
307 1100 430 1149 tene
472 1116 532 1150 ac
570 1100 745 1151 totum
785 1099 1026 1152 discerne
1064 1100 1123 1152 in
1159 1103 1405 1169 tempora
1443 1118 1697 1154 mensem.

110 1188 220 1223 non
258 1189 425 1223 unum
465 1171 798 1240 deprehensa
837 1173 976 1226 diem
1016 1174 1119 1226 tibi
1159 1174 1316 1244 signa
1354 1175 1652 1243 loquuntur

108 1261 206 1297 nec
243 1245 408 1315 uulgo
448 1245 502 1298 in
543 1246 748 1299 cunctis
789 1247 984 1300 adsunt
1021 1251 1310 1317 praecepta
1349 1248 1558 1317 diebuS,

111 1317 203 1370 sed
242 1336 377 1388 quae
417 1319 574 1389 signa
610 1338 754 1373 nouo
795 1321 999 1374 dederit
1036 1340 1144 1374 nox
1181 1322 1344 1374 tertia
1382 1324 1533 1375 motu

113 1397 395 1462 quartaue,
437 1393 690 1446 sustollat
727 1394 933 1448 medios
975 1395 1101 1448 dum
1142 1394 1379 1464 Cynthia
1417 1397 1623 1464 uultuS‚

111 1465 383 1519 durabunt
422 1468 587 1520 caelo.
663 1468 837 1522 medio
879 1487 1014 1538 quae
1054 1469 1278 1522 edixerit
1316 1488 1407 1523 ore

109 1539 251 1609 ignis
290 1540 350 1592 in
387 1541 600 1610 plenos,
639 1541 766 1594 hinc
805 1543 863 1594 in
903 1543 1180 1612 dispendia
1217 1562 1404 1596 rursus

113 1614 281 1666 altera
317 1615 567 1682 prouisae
608 1615 896 1686 signantur
934 1620 1180 1686 tempora
1218 1617 1392 1670 lunae.

112 1686 207 1739 illa
245 1687 460 1757 dehinc,
500 1688 666 1742 donec
706 1691 949 1759 germani
988 1691 1207 1743 luminis
1247 1692 1390 1761 ignis

113 1761 333 1814 accedat
370 1761 610 1832 Phoebe,
648 1764 846 1816 mensis
886 1767 1162 1833 postrema
1199 1766 1480 1818 notabunt.
1597 1832 1604 1839 ⁴

110 1834 234 1903 hoc,
275 1835 416 1904 quod
453 1839 706 1904 protento
747 1837 897 1890 uehit
934 1838 1126 1907 ingens
1168 1839 1394 1891 mundus
1434 1839 1605 1908 inani,

113 1926 236 1961 aera
274 1927 472 1962 nomen
510 1910 695 1979 habet3
740 1911 883 1979 quod
923 1912 1095 1980 spirat
1133 1913 1365 1980 caespite
1404 1914 1585 1983 tellus,

110 1982 298 2034 nubila
337 1983 601 2036 dicuntur.
680 1985 884 2038 caelum
926 2004 1087 2054 super
1126 1986 1250 2038 aula
1288 1982 1508 2039 deorum

114 2073 210 2108 axe
249 2056 568 2111 adamanteo
609 2059 963 2112 conuoluitur.
1039 2059 1126 2111 hic
1168 2078 1263 2111 sua
1303 2060 1463 2112 certis

114 2133 239 2183 sunt
276 2130 398 2184 loca
435 2132 760 2185 numinibus.
837 2133 1069 2186 borealis
1109 2133 1325 2186 uerticis
1366 2134 1536 2187 altum

232 2251 344 2291 1490
400 2261 504 2291 cum
561 2247 605 2290 V
653 2249 754 2291 tum
800 2247 845 2291 A
900 2249 956 2302 cf.
1005 2249 1194 2292 Hermes
1243 2249 1379 2292 XVI
1414 2264 1464 2306 p.
1515 2254 1604 2296 132
1650 2264 1694 2295 n.
1744 2254 1802 2295 94

115 2310 226 2350 1491
274 2306 483 2351 caeditur
538 2307 582 2351 V
626 2307 804 2351 ceditur
850 2306 895 2350 A
940 2308 956 2364 ΙΙ
1001 2307 1163 2365 indiga
1210 2308 1255 2351 A
1300 2307 1455 2352 indica
1512 2309 1556 2352 V
1690 2314 1801 2354 1493

112 2363 232 2410 fessa
270 2364 357 2409 VA
399 2366 508 2410 fissa
547 2365 736 2411 Grotius
890 2370 1003 2411 1494
1050 2366 1202 2409 induit
1241 2381 1294 2411 ac
1334 2368 1520 2424 qualem
1559 2370 1604 2413 A
1644 2369 1804 2413 Induit

170 2433 214 2457 8³0
239 2449 246 2457 .
264 2450 272 2458 .
290 2449 299 2457 .
316 2450 323 2457 .

112 2469 142 2519 †
174 2470 221 2511 et
252 2468 497 2524 aequalem
538 2469 581 2511 V
686 2473 799 2513 1495
831 2469 952 2513 hunc
986 2469 1174 2514 Grotius
1205 2471 1286 2526 qui
1315 2472 1432 2515 idem
1464 2472 1582 2515 hanc
1615 2473 1803 2517 coniecit

112 2526 233 2570 hanc
272 2528 469 2571 correxit
515 2527 559 2571 V
591 2527 700 2571 hinc
737 2529 782 2571 A
929 2532 1040 2573 1497
1084 2528 1369 2585 deprehensa
1418 2530 1537 2574 VAe
1576 2530 1804 2587 deprensa

113 2598 140 2628 v
171 2586 228 2638 cf.
261 2585 374 2630 Luc.
409 2587 607 2631 Mueller
638 2588 692 2631 de
722 2600 769 2630 re
799 2590 922 2630 metr.
948 2601 999 2642 p.
1032 2592 1127 2633 253
1208 2593 1319 2633 1499
1352 2602 1443 2632 nox
1474 2603 1500 2633 v
1532 2603 1641 2632 mox
1680 2590 1803 2634 VAe

117 2647 230 2688 1500
263 2644 373 2688 dum
405 2645 451 2689 A
482 2646 545 2689 du
585 2645 629 2688 V
747 2649 859 2689 1502
892 2645 1012 2702 ignis
1043 2648 1127 2689 Ae
1156 2647 1288 2703 ignes
1333 2647 1372 2689 V
1471 2652 1583 2691 1505
1615 2648 1801 2693 Phoebe

124 2701 193 2746 Ve
215 2702 404 2747 Phoebo
429 2704 474 2747 A
498 2705 715 2748 Phoebae
745 2718 771 2748 v
804 2705 861 2757 ef.
887 2718 1045 2761 proyr.
1071 2705 1255 2759 Erfurt.
1290 2720 1331 2750 α.
1366 2709 1488 2751 1882
1513 2721 1564 2762 p.
1598 2707 1720 2750 XII
1740 2721 1800 2764 sq.

118 2764 231 2805 1506
264 2762 395 2806 uehit
435 2763 478 2806 V
504 2763 636 2807 uelut
667 2764 709 2806 A
791 2767 903 2807 1508
938 2762 1119 2807 caelum
1162 2764 1203 2805 V
1231 2764 1405 2807 celsum
1437 2766 1481 2808 A
1571 2770 1682 2810 1509
1717 2780 1801 2811 axe

117 2819 393 2865 adamanteo
441 2821 688 2867 Schraderi
733 2824 1077 2867 commentarius
1123 2822 1274 2868 Berol.
1315 2824 1556 2880 Hauptius
1596 2825 1802 2882 (Hermes

126 2876 236 2922 VII
252 2893 302 2936 p.
335 2881 411 2936 13)
444 2894 560 2925 axea
592 2881 758 2925 denteo
800 2881 885 2924 VA

1823 303 1888 336 160

1822 672 1886 707 165

1824 1044 1888 1076 170

1824 1414 1887 1446 175

1825 1783 1889 1815 180

1826 2152 1890 2184 185
