1940 3072
797 96 860 189 ‘v
889 148 1028 190 1-55
1152 174 1155 177 -
1194 123 1200 127 ⁹
1478 173 1492 180 -
1662 145 1724 197 11

229 270 491 327 Hostibus
516 271 802 325 obstrietus
825 271 1030 341 patriae
1055 270 1120 325 de
1145 271 1294 339 clade
1356 272 1515 326 aeisei
1750 287 1804 326 [p.
1828 286 1885 327 11]

117 399 122 403 ,
233 341 386 396 Clam
407 341 588 412 potuit
611 342 705 412 qui
729 360 889 396 saeua
911 346 1090 410 parat,
1118 342 1210 411 qui
1234 342 1320 395 001
1343 361 1374 395 a
1397 342 1691 412 propinqui

34 414 67 481 ’,χ
75 424 80 428 ’
118 429 122 432 ’
147 422 205 464 25
231 411 378 467 Ciuis
403 415 459 466 et
480 412 710 466 insontis
733 412 927 465 nititur
949 414 1198 465 truncare
1225 416 1492 466 eruentus,
1603 470 1609 472 ,

53 488 57 490 ’
234 482 569 536 Perdidimus
597 500 942 552 quoscunque
967 483 1138 550 uiros,
1163 482 1304 536 forte
1329 482 1430 536 iste
1454 484 1683 537 neoauit.

237 552 472 607 Classica
495 553 622 606 dum
645 553 872 605 reboant
896 555 950 605 et
974 551 1171 605 Martia
1195 553 1304 606 tela
1326 553 1611 622 pluuntur,

149 623 157 630 '
227 622 378 676 Inter
399 623 625 676 ferratas
649 623 789 676 acies
814 623 1084 692 lituosque
1109 626 1361 676 sonantes

43 736 55 751 2
231 692 437 747 Obuius
462 697 667 746 armato
693 693 878 751 iuueni
902 693 948 745 si
974 693 1106 745 01018
1132 693 1361 761 adesset,

96 799 98 801 >
149 773 206 814 30
231 762 372 826 Quid
394 763 595 817 faceret
620 764 712 833 qui
736 763 795 815 in
820 781 949 832 paee
974 763 1132 831 furit,
1160 764 1253 832 qui
1277 763 1522 831 turpibus
1548 764 1715 818 instat·

231 833 495 887 Mortibus
519 835 818 902 insontum,
847 834 939 901 qui
964 833 1154 886 funera
1178 851 1361 902 pressa
1385 833 1680 887 reformat?

232 903 445 958 Seruati
469 905 601 957 ciuis
626 921 770 956 nunc
795 907 923 956 sunt
946 904 1038 955 ubi
1062 904 1301 972 praemia
1326 904 1589 972 quercus?

228 974 455 1027 Reddite
478 974 647 1042 bella,
674 973 854 1042 duceS‚
881 974 1125 1026 inimicas
1150 973 1354 1026 reddite
1379 977 1591 1043 gentes,‚

230 1044 500 1098 Barbarus
527 1044 700 1098 omnis
727 1048 836 1112 eat,
862 1044 1078 1112 rapiant
1102 1045 1260 1096 simul
1287 1062 1434 1097 arma
1459 1043 1665 1098 Sueuus

147 1125 202 1165 35
228 1114 470 1168 Sarmata
488 1115 652 1168 Persa
669 1114 879 1167 Gothus
893 1115 1227 1167 Alamannus
1246 1114 1483 1167 Francus
1501 1115 1723 1184 Alanus,

228 1185 335 1239 Uel
359 1203 706 1254 quaeeunque
734 1185 906 1237 latent
930 1187 1116 1254 gentes
1142 1185 1415 1253 Aquilone
1438 1189 1700 1254 remotae,

223 1256 291 1308 In
307 1274 407 1309 nos
423 1256 531 1308 tela
549 1259 762 1324 parent:
792 1256 970 1307 minor
999 1258 1079 1307 est
1096 1273 1281 1322 pauor,
1309 1256 1516 1307 aduena
1535 1273 1722 1325 eampo

228 1326 460 1379 Prodeat
484 1329 741 1392 armatuS‚
768 1326 933 1378 muris
960 1343 1171 1378 seruare
1185 1326 1424 1377 'salutem

79 1446 91 1454 ,
231 1395 288 1450 Si
312 1414 545 1465 nequeas
574 1413 816 1466 pugnare
841 1396 983 1448 licet,
1035 1414 1155 1448 oum
1182 1396 1297 1447 ciue
1323 1414 1418 1464 per
1443 1396 1630 1448 urbem

145 1475 202 1516 40
225 1467 421 1519 Infelix
447 1466 575 1535 quid
599 1467 732 1518 ciuis
758 1469 906 1535 agat,
935 1466 1063 1534 quid
1087 1469 1245 1518 1100130
1272 1465 1461 1534 dieque

228 1537 447 1590 Moenia
470 1541 644 1590 rostra
667 1537 846 1589 forum
871 1536 1124 1605 capitolia
1147 1536 1349 1604 templa
1373 1539 1593 1604 penates

227 1607 527 1660 Inlustrans
554 1611 608 1660 et
631 1607 758 1660 fana
784 1607 942 1659 simul
968 1606 1187 1659 delubra
1211 1606 1423 1659 theatra

230 1676 531 1731 Circumeat
556 1696 676 1730 oum
701 1678 817 1730 eiue
843 1677 1010 1745 ma10,
1042 1695 1162 1729 eum
1190 1677 1304 1728 ciue
1336 1677 1597 1729 cruento?

226 1747 422 1801 Nullus
448 1749 513 1813 ab
539 1748 745 1800 insidiis
771 1748 918 1800 10008
946 1751 1026 1799 0813
1055 1748 1147 1816 qui
1171 1746 1357 1799 fraude
1384 1748 1609 1800 uaeabit.

144 1827 199 1867 45
224 1818 376 1870 Adde
402 1818 546 1886 quod
569 1819 737 1870 iratus
763 1819 937 1870 uictor
962 1836 1083 1870 cum
1107 1818 1226 1887 lege
1251 1818 1488 1870 minatur

223 1888 297 1940 Et
320 1889 460 1941 lator
483 1889 617 1958 10818
643 1888 822 1940 ciuilia
846 1889 962 1940 iura
987 1888 1222 1956 repellit,

227 1958 304 2011 Ut
327 1959 501 2028 legem
526 1962 734 2026 premat
757 1959 870 2026 ipse
897 1976 1047 2010 suam
1074 1976 1235 2026 quam
1260 1960 1507 2010 sanxerat
1532 1962 1680 2027 ante,

227 2028 370 2081 Dum
396 2029 570 2081 uictor
594 2032 718 2097 post
742 2027 890 2080 bella*
907 2028 1067 2096 redit,
1102 2046 1223 2080 oum
1246 2028 1398 2080 testis
1425 2028 1603 2098 imago

225 2098 511 2152 Formatur
534 2099 750 2151 uirtutis
776 2099 948 2151 honos
975 2102 1029 2150 et
1054 2098 1227 2167 gloria
1252 2098 1448 2166 campi,

148 2178 204 2218 50
227 2169 521 2221 Laetantur
545 2170 724 2236 miteS,
753 2170 1018 2237 gaudebat
1050 2168 1208 2220 turba
1232 2186 1445 2220 reorum

224 2239 300 2291 Et
322 2240 536 2292 ueniam
562 2240 814 2292 meruisse
839 2242 1046 2308 putant.
1100 2239 1218 2307 quis
1244 2238 1376 2290 ciuis
1407 2239 1612 2306 asylum

227 2307 421 2362 Credat
446 2310 504 2361 in
530 2328 648 2362 aree
676 2310 878 2362 micans
904 2309 1204 2361 insontibus
1232 2326 1344 2360 esse
1369 2308 1668 2376 periclum?
1746 2321 1797 2360 [1‘·
1822 2320 1878 2359 12]

0 2396 16 2473 1,
78 2427 86 2474 1
225 2407 437 2476 Pauper
462 2407 612 2460 adest
634 2407 965 2459 miserandus
999 2407 1155 2475 inops
1182 2407 1273 2459 sed
1299 2407 1430 2459 011118
1464 2406 1722 2459 honestus
1738 2417 1877 2451 Narra·

0 2426 20 2552 5'
229 2475 449 2546 Semper
474 2495 636 2547 egens
661 2478 879 2529 humilis
906 2477 1098 2546 dignus
1125 2496 1282 2545 quem
1308 2477 1454 2529 diues
1480 2480 1696 2544 amaret,
1778 2459 1837 2494 ²¹⁰

144 2557 198 2597 55
226 2546 386 2600 Cuius
411 2548 469 2599 in
495 2548 750 2616 obsequio
776 2547 1025 2599 famulari
1051 2552 1231 2615 posset
1255 2547 1524 2614 alumnuS‚

234 2663 288 2703 23
318 2662 555 2703 obstrutus
588 2676 701 2704 corr.
734 2663 893 2703 Bueclc.
990 2664 1043 2701 ‘26
1076 2663 1218 2702 fortes
1314 2664 1367 2702 32
1399 2662 1573 2714 premia
1667 2664 1721 2703 35

123 2716 322 2758 Gotthus
451 2720 504 2759 38
534 2718 766 2759 Producat
803 2720 946 2759 uersuz’
982 2721 1182 2770 praefixa
1221 2725 1283 2757 est
1322 2721 1591 2770 corruptelae
1622 2724 1721 2758 nota

120 2774 176 2813 41
208 2777 431 2826 poenates
515 2775 570 2814 42
602 2774 853 2815 Inlustrant
884 2787 997 2814 corr.
1031 2774 1188 2814 Bueele.
1278 2775 1332 2814 47
1365 2775 1467 2826 ipsa
1555 2775 1608 2814 50
1640 2775 1721 2813 mi-

125 2826 212 2881 tes]
245 2830 408 2870 maesti
429 2831 557 2871 uoluit
578 2830 737 2870 Buech.
825 2833 878 2871 55
909 2831 1065 2870 Turba
1097 2830 1392 2881 superborum
1422 2831 1464 2869 iu
1486 2831 1604 2871 inicio
1626 2842 1719 2870 uer-

124 2896 198 2925 sus
224 2887 391 2937 scripta
418 2887 538 2927 uides
567 2887 645 2926 sed
673 2894 888 2939 expuncta
915 2885 921 2940 Ι
949 2885 1075 2926 Ciuis
1106 2899 1219 2926 corr.
1251 2885 1410 2925 Buecle.
