1940 3072
228 59 295 112 14
688 62 955 107 PHAEDRI
988 62 1360 108 FABVLARVM

826 186 866 234 F
878 186 975 235 AB
987 186 1034 234 V
1044 186 1084 234 L
1097 186 1143 235 A
1179 187 1220 235 I.

446 267 830 318 IVVENOVS,
860 268 998 309 LEO
1025 267 1117 308 ΕΤ
1146 268 1593 311 ΡΒΑΕΒΑΤΟΒ.

296 341 456 405 Super
481 342 744 389 iuvencum
769 337 930 388 stabat
955 339 1199 389 deiectum
1225 340 1319 388 leo.

225 411 493 460 Praedator
517 410 787 458 intervenit
809 414 1002 473 partem
1026 409 1299 473 postulans,

226 481 429 537 Darem,
457 480 643 544 inquit,
671 479 770 527 nisi
797 477 985 527 soleres
1008 493 1101 542 per
1127 485 1174 528 te
1199 493 1423 528 sumere:

226 550 288 599 Et
312 548 579 614 inprobum
602 550 794 598 reiecit.
844 548 994 597 Forte
1019 549 1251 598 innoxius

224 620 393 668 Viator
419 625 495 669 est
520 618 760 668 deductus
785 620 839 667 in
865 617 1076 667 eundem
1100 619 1263 668 locum
1793 622 1828 666 5

225 689 451 754 Feroque
477 690 582 737 viso
607 689 780 738 retulit
803 695 940 738 retro
955 686 1158 754 pedem.

226 759 315 823 Cui
340 759 561 824 placidus
587 758 694 807 ille:
746 757 854 808 Non
880 765 955 808 est
980 759 1111 824 quod
1138 760 1336 814 timeas,
1366 759 1460 815 ait;

227 829 310 885 Et,
338 844 461 894 quae
489 828 697 877 debetur
720 843 836 893 pars
859 835 972 878 tuae
998 828 1269 878 modestiae
1288 867 1300 886 ,

229 899 469 951 Audacter
495 898 629 947 tolle.
679 896 818 947 Tunc
845 898 1002 948 diviso
1027 904 1227 962 tergore

227 968 382 1018 Silvas
407 969 602 1033 petivit,
630 967 821 1018 homini
846 975 900 1017 ut
925 982 1179 1018 accessum
1204 968 1360 1017 daret.
1768 973 1829 1015 lo

295 1037 586 1102 Exemplum
611 1040 866 1101 egregium
891 1053 1094 1101 prorsus
1120 1044 1170 1086 et
1192 1036 1469 1095 laudabile;

226 1106 406 1156 Verum
433 1113 507 1156 est
531 1107 736 1157 aviditas
762 1107 896 1156 dives
924 1113 973 1155 et
998 1121 1187 1171 pauper
1211 1107 1385 1171 pudor.

812 1226 1128 1282 FABVLA
1170 1234 1237 1282 H.

281 1314 470 1356 ANVS
498 1314 837 1356 DILIGENS
867 1315 1227 1364 IVVENEM,
1258 1314 1436 1355 ITEM
1465 1313 1766 1357 PVELLA.

296 1390 335 1435 A
359 1387 559 1435 seminis
583 1391 849 1451 utcumque
876 1386 1077 1451 spoliari
1103 1387 1251 1442 viros,

226 1456 424 1512 Ament,
454 1461 702 1513 amentur,
730 1471 908 1521 nempe
935 1455 1176 1520 exemplis
1204 1455 1456 1504 discimus.

296 1527 483 1575 Aetatis
507 1521 699 1575 mediae
726 1526 970 1591 quendam
995 1526 1177 1575 mulier
1201 1540 1298 1574 non
1328 1525 1466 1574 rudis

225 1595 450 1645 Tenebat
474 1610 626 1645 annos
653 1595 817 1644 celans
844 1597 1104 1659 elegantia,

226 1668 524 1730 Animosque
552 1666 773 1715 eiusdem
798 1665 1002 1730 pulchra
1028 1666 1222 1715 iuvenis
1248 1670 1464 1730 ceperat.
1789 1670 1822 1713 ὃ

226 1735 432 1793 Ambae,
461 1735 618 1784 videri
644 1736 760 1784 dum
786 1735 955 1784 volunt
979 1735 1050 1785 illi
1075 1751 1237 1801 pares,

226 1805 436 1870 Capillos
462 1805 652 1854 homini
677 1805 843 1869 legere
870 1820 1080 1870 coepere
1106 1807 1333 1855 invicem.

224 1873 319 1932 Qui
345 1890 398 1925 se
423 1881 622 1940 putaret
646 1877 764 1939 fingi
791 1889 907 1925 cura
934 1876 1215 1932 mulierum,

225 1946 398 1995 Calvus
423 1951 627 2009 repente
654 1946 813 1995 factus
841 1950 941 2002 est;
968 1960 1082 1995 nam
1106 1946 1330 1994 funditus

225 2016 378 2066 Canos
405 2015 591 2080 puella,
620 2017 788 2078 nigros
815 2030 937 2064 anus
964 2015 1211 2064 evellerat.
1764 2020 1823 2062 lo

796 2141 1114 2190 FABVLA
1150 2141 1241 2189 111.

358 2221 673 2263 AESOPVS
702 2222 800 2263 AD
831 2222 1184 2269 QVENDAM
1211 2223 1305 2263 DE
1336 2222 1682 2263 SVGCESSV

777 2278 1264 2320 LNPROBORVM.

293 2349 559 2398 Laceratus
586 2348 784 2413 quidam
810 2364 980 2398 morsu
1004 2350 1312 2398 vehementis
1339 2351 1474 2400 canis

224 2418 455 2469 Tinctum
480 2433 658 2467 cruore
684 2433 860 2483 panem
887 2419 1020 2468 misit
1044 2419 1282 2476 maleficO,

223 2489 461 2538 Audierat
487 2503 595 2538 esse
622 2488 751 2552 quod
774 2490 1046 2538 remedium
1071 2489 1309 2538 vulneriS.

223 2559 360 2607 Tunc
387 2560 458 2607 sic
484 2559 728 2622 Aesopus:
768 2558 879 2609 Noli
904 2573 1069 2607 coram
1094 2558 1323 2623 pluribus

223 2628 326 2677 Hoc
353 2629 513 2677 facere
542 2626 768 2684 canibus,
796 2644 859 2678 ne
884 2643 972 2678 nos
998 2629 1134 2678 vivos
1161 2629 1411 2685 devorent,
1788 2635 1818 2676 2'»

224 2697 346 2747 Cum
372 2698 579 2746 scierint
603 2712 711 2747 esse
738 2698 834 2746 tale
863 2699 1033 2763 culpae
1060 2701 1351 2762 praemium.

294 2766 560 2817 Successus
584 2766 910 2831 inproborum
934 2768 1100 2834 plures
1126 2768 1312 2818 adlicit.
