<?xml version="1.0" encoding="UTF-8"?>
<!DOCTYPE html PUBLIC "-//W3C//DTD XHTML 1.0 Transitional//EN"
    "http://www.w3.org/TR/xhtml1/DTD/xhtml1-transitional.dtd">
<html xmlns="http://www.w3.org/1999/xhtml" xml:lang="en" lang="en">
 <head>
  <title>
</title>
<meta http-equiv="Content-Type" content="text/html;charset=utf-8" />
  <meta name='ocr-system' content='tesseract 3.04.00' />
  <meta name='ocr-capabilities' content='ocr_page ocr_carea ocr_par ocr_line ocrx_word'/>
</head>
<body>
  <div class='ocr_page' id='page_1' title='image "./phaedriaugustili00phaeuoft_0052.png"; bbox 0 0 1940 3072; ppageno 0'>
   <div class='ocr_carea' id='block_1_1' title="bbox 243 123 1422 191">
    <p class='ocr_par' dir='ltr' id='par_1_1' title="bbox 243 123 1422 191">
     <span class='ocr_line' id='line_1_1' title="bbox 243 123 1422 191; baseline 0.003 -21"><span class='ocrx_word' id='word_1_1' title='bbox 243 123 314 177; x_wconf 82' lang='lat'><strong>34</strong></span> <span class='ocrx_word' id='word_1_2' title='bbox 708 126 978 171; x_wconf 82' lang='lat' dir='ltr'><strong>PHAEDRI</strong></span> <span class='ocrx_word' id='word_1_3' title='bbox 1011 126 1384 173; x_wconf 84' lang='lat' dir='ltr'><strong>FABVLARVM</strong></span> <span class='ocrx_word' id='word_1_4' title='bbox 1418 186 1422 191; x_wconf 16' lang='grc' dir='ltr'><strong><em>ἢ</em></strong></span> 
     </span>
    </p>
   </div>
   <div class='ocr_carea' id='block_1_2' title="bbox 228 250 1541 2476">
    <p class='ocr_par' dir='ltr' id='par_1_2' title="bbox 242 250 1525 317">
     <span class='ocr_line' id='line_1_2' title="bbox 242 250 1525 317; baseline -0.001 -15"><span class='ocrx_word' id='word_1_5' title='bbox 242 252 508 317; x_wconf 88' lang='lat' dir='ltr'><strong>Postquam</strong></span> <span class='ocrx_word' id='word_1_6' title='bbox 532 257 822 315; x_wconf 90' lang='lat' dir='ltr'><strong>consumpta</strong></span> <span class='ocrx_word' id='word_1_7' title='bbox 847 256 923 300; x_wconf 89' lang='lat' dir='ltr'><strong>est</strong></span> <span class='ocrx_word' id='word_1_8' title='bbox 946 251 1184 315; x_wconf 85' lang='lat' dir='ltr'><strong>temporis</strong></span> <span class='ocrx_word' id='word_1_9' title='bbox 1209 250 1343 314; x_wconf 86' lang='lat' dir='ltr'><strong>longi</strong></span> <span class='ocrx_word' id='word_1_10' title='bbox 1368 267 1525 310; x_wconf 90' lang='lat' dir='ltr'><strong>mora,</strong></span> 
     </span>
    </p>

    <p class='ocr_par' dir='ltr' id='par_1_3' title="bbox 244 320 1248 385">
     <span class='ocr_line' id='line_1_3' title="bbox 244 320 1248 385; baseline -0.002 -14"><span class='ocrx_word' id='word_1_11' title='bbox 244 322 347 372; x_wconf 92' lang='lat' dir='ltr'><strong>Nec</strong></span> <span class='ocrx_word' id='word_1_12' title='bbox 370 322 652 371; x_wconf 83' lang='lat' dir='ltr'>testamenti</span> <span class='ocrx_word' id='word_1_13' title='bbox 676 321 841 385; x_wconf 89' lang='lat' dir='ltr'><strong>potuit</strong></span> <span class='ocrx_word' id='word_1_14' title='bbox 866 333 1046 370; x_wconf 89' lang='lat' dir='ltr'><strong>sensus</strong></span> <span class='ocrx_word' id='word_1_15' title='bbox 1069 320 1248 384; x_wconf 86' lang='lat' dir='ltr'><strong>colligi,</strong></span> 
     </span>
    </p>

    <p class='ocr_par' dir='ltr' id='par_1_4' title="bbox 244 390 1353 455">
     <span class='ocr_line' id='line_1_4' title="bbox 244 390 1353 455; baseline -0.002 -14"><span class='ocrx_word' id='word_1_16' title='bbox 244 392 415 441; x_wconf 83' lang='lat' dir='ltr'><strong>Fidem</strong></span> <span class='ocrx_word' id='word_1_17' title='bbox 440 390 715 447; x_wconf 88' lang='lat' dir='ltr'><strong>advocavit,</strong></span> <span class='ocrx_word' id='word_1_18' title='bbox 743 391 854 439; x_wconf 88' lang='lat' dir='ltr'><strong>iure</strong></span> <span class='ocrx_word' id='word_1_19' title='bbox 878 390 1126 454; x_wconf 87' lang='lat' dir='ltr'><strong>neglecto,</strong></span> <span class='ocrx_word' id='word_1_20' title='bbox 1153 395 1353 455; x_wconf 75' lang='lat' dir='ltr'><strong>parens.</strong></span> 
     </span>
    </p>

    <p class='ocr_par' dir='ltr' id='par_1_5' title="bbox 245 459 1541 526">
     <span class='ocr_line' id='line_1_5' title="bbox 245 459 1541 526; baseline -0.001 -15"><span class='ocrx_word' id='word_1_21' title='bbox 245 461 451 526; x_wconf 84' lang='lat' dir='ltr'><strong>Seponit</strong></span> <span class='ocrx_word' id='word_1_22' title='bbox 474 460 708 509; x_wconf 84' lang='lat' dir='ltr'>moechae</span> <span class='ocrx_word' id='word_1_23' title='bbox 732 465 942 517; x_wconf 89' lang='lat' dir='ltr'><strong>vestem,</strong></span> <span class='ocrx_word' id='word_1_24' title='bbox 969 459 1208 509; x_wconf 92' lang='lat' dir='ltr'><strong>mundum</strong></span> <span class='ocrx_word' id='word_1_25' title='bbox 1232 460 1541 520; x_wconf 80' lang='lat' dir='ltr'><strong>muliebrem,</strong></span> 
     </span>
    </p>

    <p class='ocr_par' dir='ltr' id='par_1_6' title="bbox 242 529 1444 593">
     <span class='ocr_line' id='line_1_6' title="bbox 242 529 1444 593; baseline 0 -13"><span class='ocrx_word' id='word_1_26' title='bbox 242 531 558 580; x_wconf 83' lang='lat' dir='ltr'><strong>Lavationem</strong></span> <span class='ocrx_word' id='word_1_27' title='bbox 581 534 892 593; x_wconf 83' lang='lat' dir='ltr'><strong>argenteam,</strong></span> <span class='ocrx_word' id='word_1_28' title='bbox 920 529 1195 587; x_wconf 89' lang='lat' dir='ltr'><strong>eunuchos,</strong></span> <span class='ocrx_word' id='word_1_29' title='bbox 1223 529 1444 593; x_wconf 89' lang='lat' dir='ltr'><strong>glabros;</strong></span> 
     </span>
    </p>

    <p class='ocr_par' dir='ltr' id='par_1_7' title="bbox 242 599 1466 664">
     <span class='ocr_line' id='line_1_7' title="bbox 242 599 1466 664; baseline 0.001 -15"><span class='ocrx_word' id='word_1_30' title='bbox 242 600 488 650; x_wconf 86' lang='lat' dir='ltr'><strong>Lanificae</strong></span> <span class='ocrx_word' id='word_1_31' title='bbox 514 599 719 663; x_wconf 81' lang='lat' dir='ltr'><strong>ageIIOS,</strong></span> <span class='ocrx_word' id='word_1_32' title='bbox 746 614 951 664; x_wconf 89' lang='lat' dir='ltr'><strong>pecora,</strong></span> <span class='ocrx_word' id='word_1_33' title='bbox 979 599 1168 656; x_wconf 86' lang='lat' dir='ltr'><strong>villam,</strong></span> <span class='ocrx_word' id='word_1_34' title='bbox 1197 601 1466 664; x_wconf 78' lang='lat' dir='ltr'><strong>operariOS,</strong></span> 
     </span>
    </p>

    <p class='ocr_par' dir='ltr' id='par_1_8' title="bbox 241 670 1444 728">
     <span class='ocr_line' id='line_1_8' title="bbox 241 670 1444 728; baseline 0 -9"><span class='ocrx_word' id='word_1_35' title='bbox 241 670 424 728; x_wconf 83' lang='lat' dir='ltr'><strong>BoveS,</strong></span> <span class='ocrx_word' id='word_1_36' title='bbox 451 672 671 719; x_wconf 88' lang='lat' dir='ltr'><strong>iumenta</strong></span> <span class='ocrx_word' id='word_1_37' title='bbox 696 674 746 718; x_wconf 90' lang='lat' dir='ltr'><strong>et</strong></span> <span class='ocrx_word' id='word_1_38' title='bbox 770 671 1155 719; x_wconf 87' lang='lat' dir='ltr'><strong>instrumentum</strong></span> <span class='ocrx_word' id='word_1_39' title='bbox 1179 670 1444 728; x_wconf 88' lang='lat' dir='ltr'><strong>rusticum;</strong></span> 
     </span>
    </p>

    <p class='ocr_par' dir='ltr' id='par_1_9' title="bbox 239 739 1382 805">
     <span class='ocr_line' id='line_1_9' title="bbox 239 739 1382 805; baseline -0.001 -16"><span class='ocrx_word' id='word_1_40' title='bbox 239 740 428 789; x_wconf 88' lang='lat' dir='ltr'><strong>Potrici</strong></span> <span class='ocrx_word' id='word_1_41' title='bbox 452 740 647 805; x_wconf 90' lang='lat' dir='ltr'><strong>plenam</strong></span> <span class='ocrx_word' id='word_1_42' title='bbox 674 741 891 804; x_wconf 88' lang='lat' dir='ltr'><strong>antiquis</strong></span> <span class='ocrx_word' id='word_1_43' title='bbox 916 739 1206 804; x_wconf 84' lang='lat' dir='ltr'><strong>apothecam</strong></span> <span class='ocrx_word' id='word_1_44' title='bbox 1231 739 1382 798; x_wconf 85' lang='lat' dir='ltr'><strong>cadis,</strong></span> 
     </span>
    </p>

    <p class='ocr_par' dir='ltr' id='par_1_10' title="bbox 238 808 1273 875">
     <span class='ocr_line' id='line_1_10' title="bbox 238 808 1273 875; baseline 0 -17"><span class='ocrx_word' id='word_1_45' title='bbox 238 810 448 859; x_wconf 90' lang='lat' dir='ltr'><strong>Domum</strong></span> <span class='ocrx_word' id='word_1_46' title='bbox 471 809 675 875; x_wconf 89' lang='lat' dir='ltr'><strong>politam</strong></span> <span class='ocrx_word' id='word_1_47' title='bbox 700 814 750 857; x_wconf 92' lang='lat' dir='ltr'><strong>et</strong></span> <span class='ocrx_word' id='word_1_48' title='bbox 775 809 1010 859; x_wconf 85' lang='lat' dir='ltr'><strong>delicatos</strong></span> <span class='ocrx_word' id='word_1_49' title='bbox 1034 808 1273 858; x_wconf 78' lang='lat' dir='ltr'><strong>hortulos,</strong></span> 
     </span>
    </p>

    <p class='ocr_par' dir='ltr' id='par_1_11' title="bbox 240 878 1279 942">
     <span class='ocr_line' id='line_1_11' title="bbox 240 878 1279 942; baseline 0 -14"><span class='ocrx_word' id='word_1_50' title='bbox 240 879 322 929; x_wconf 88' lang='lat' dir='ltr'><strong>Sic</strong></span> <span class='ocrx_word' id='word_1_51' title='bbox 348 880 591 928; x_wconf 87' lang='lat' dir='ltr'><strong>destinata</strong></span> <span class='ocrx_word' id='word_1_52' title='bbox 619 879 736 928; x_wconf 90' lang='lat' dir='ltr'><strong>dare</strong></span> <span class='ocrx_word' id='word_1_53' title='bbox 763 894 875 929; x_wconf 91' lang='lat' dir='ltr'><strong>cum</strong></span> <span class='ocrx_word' id='word_1_54' title='bbox 899 879 1046 928; x_wconf 89' lang='lat' dir='ltr'><strong>vellet</strong></span> <span class='ocrx_word' id='word_1_55' title='bbox 1071 878 1279 942; x_wconf 82' lang='lat' dir='ltr'><strong>singulis</strong></span> 
     </span>
    </p>

    <p class='ocr_par' dir='ltr' id='par_1_12' title="bbox 237 948 1370 1014">
     <span class='ocr_line' id='line_1_12' title="bbox 237 948 1370 1014; baseline 0 -16"><span class='ocrx_word' id='word_1_56' title='bbox 237 949 300 998; x_wconf 90' lang='lat' dir='ltr'><strong>Et</strong></span> <span class='ocrx_word' id='word_1_57' title='bbox 325 948 623 1014; x_wconf 83' lang='lat' dir='ltr'><strong>adprobaret</strong></span> <span class='ocrx_word' id='word_1_58' title='bbox 646 949 879 1014; x_wconf 86' lang='lat' dir='ltr'><strong>populus,</strong></span> <span class='ocrx_word' id='word_1_59' title='bbox 907 951 993 1014; x_wconf 90' lang='lat' dir='ltr'><strong>qui</strong></span> <span class='ocrx_word' id='word_1_60' title='bbox 1017 948 1127 998; x_wconf 90' lang='lat' dir='ltr'><strong>illas</strong></span> <span class='ocrx_word' id='word_1_61' title='bbox 1150 954 1370 1007; x_wconf 88' lang='lat' dir='ltr'><strong>noverat,</strong></span> 
     </span>
    </p>

    <p class='ocr_par' dir='ltr' id='par_1_13' title="bbox 237 1017 1357 1083">
     <span class='ocr_line' id='line_1_13' title="bbox 237 1017 1357 1083; baseline 0 -15"><span class='ocrx_word' id='word_1_62' title='bbox 237 1019 458 1083; x_wconf 85' lang='lat' dir='ltr'><strong>Aesopus</strong></span> <span class='ocrx_word' id='word_1_63' title='bbox 483 1018 646 1068; x_wconf 90' lang='lat' dir='ltr'><strong>media</strong></span> <span class='ocrx_word' id='word_1_64' title='bbox 671 1018 834 1068; x_wconf 78' lang='lat' dir='ltr'><strong>subito</strong></span> <span class='ocrx_word' id='word_1_65' title='bbox 859 1020 913 1068; x_wconf 92' lang='lat' dir='ltr'><strong>in</strong></span> <span class='ocrx_word' id='word_1_66' title='bbox 929 1017 1084 1067; x_wconf 78' lang='lat' dir='ltr'><strong>turba</strong></span> <span class='ocrx_word' id='word_1_67' title='bbox 1110 1020 1357 1069; x_wconf 86' lang='lat' dir='ltr'><strong>constitit:</strong></span> 
     </span>
    </p>

    <p class='ocr_par' dir='ltr' id='par_1_14' title="bbox 238 1087 1187 1152">
     <span class='ocr_line' id='line_1_14' title="bbox 238 1087 1187 1152; baseline -0.001 -14"><span class='ocrx_word' id='word_1_68' title='bbox 238 1088 278 1138; x_wconf 90' lang='grc' dir='ltr'>Ο</span> <span class='ocrx_word' id='word_1_69' title='bbox 305 1090 347 1137; x_wconf 91' lang='lat' dir='ltr'><strong>si</strong></span> <span class='ocrx_word' id='word_1_70' title='bbox 371 1094 595 1137; x_wconf 89' lang='lat' dir='ltr'><strong>maneret</strong></span> <span class='ocrx_word' id='word_1_71' title='bbox 619 1087 817 1138; x_wconf 91' lang='lat' dir='ltr'><strong>condito</strong></span> <span class='ocrx_word' id='word_1_72' title='bbox 843 1103 1017 1150; x_wconf 83' lang='lat' dir='ltr'><strong>sensus</strong></span> <span class='ocrx_word' id='word_1_73' title='bbox 1040 1089 1187 1152; x_wconf 90' lang='lat' dir='ltr'><strong>patri,</strong></span> 
     </span>
    </p>

    <p class='ocr_par' dir='ltr' id='par_1_15' title="bbox 237 1157 1481 1222">
     <span class='ocr_line' id='line_1_15' title="bbox 237 1157 1481 1222; baseline 0.002 -16"><span class='ocrx_word' id='word_1_74' title='bbox 237 1157 394 1214; x_wconf 87' lang='lat' dir='ltr'><strong>Quam</strong></span> <span class='ocrx_word' id='word_1_75' title='bbox 418 1159 635 1221; x_wconf 88' lang='lat' dir='ltr'><strong>graviter</strong></span> <span class='ocrx_word' id='word_1_76' title='bbox 659 1158 838 1214; x_wconf 88' lang='lat' dir='ltr'><strong>ferret,</strong></span> <span class='ocrx_word' id='word_1_77' title='bbox 866 1157 996 1222; x_wconf 91' lang='lat' dir='ltr'><strong>quod</strong></span> <span class='ocrx_word' id='word_1_78' title='bbox 1021 1157 1318 1207; x_wconf 90' lang='lat' dir='ltr'><strong>voluntatem</strong></span> <span class='ocrx_word' id='word_1_79' title='bbox 1344 1173 1481 1208; x_wconf 87' lang='lat' dir='ltr'><strong>suam</strong></span> 
     </span>
    </p>

    <p class='ocr_par' dir='ltr' id='par_1_16' title="bbox 235 1227 1190 1292">
     <span class='ocr_line' id='line_1_16' title="bbox 235 1227 1190 1292; baseline 0 -16"><span class='ocrx_word' id='word_1_80' title='bbox 235 1228 561 1292; x_wconf 90' lang='lat' dir='ltr'><strong>Interpretari</strong></span> <span class='ocrx_word' id='word_1_81' title='bbox 586 1243 684 1276; x_wconf 90' lang='lat' dir='ltr'><strong>non</strong></span> <span class='ocrx_word' id='word_1_82' title='bbox 714 1229 992 1292; x_wconf 85' lang='lat' dir='ltr'><strong>potuissent</strong></span> <span class='ocrx_word' id='word_1_83' title='bbox 1015 1227 1190 1276; x_wconf 88' lang='lat' dir='ltr'><strong>Attici!</strong></span> 
     </span>
    </p>

    <p class='ocr_par' dir='ltr' id='par_1_17' title="bbox 234 1297 1332 1361">
     <span class='ocr_line' id='line_1_17' title="bbox 234 1297 1332 1361; baseline -0.001 -15"><span class='ocrx_word' id='word_1_84' title='bbox 234 1298 451 1361; x_wconf 86' lang='lat' dir='ltr'><strong>Rogatus</strong></span> <span class='ocrx_word' id='word_1_85' title='bbox 477 1297 655 1347; x_wconf 92' lang='lat' dir='ltr'><strong>deinde</strong></span> <span class='ocrx_word' id='word_1_86' title='bbox 681 1297 827 1346; x_wconf 88' lang='lat' dir='ltr'><strong>solvit</strong></span> <span class='ocrx_word' id='word_1_87' title='bbox 851 1312 1074 1346; x_wconf 90' lang='lat' dir='ltr'><strong>errorem</strong></span> <span class='ocrx_word' id='word_1_88' title='bbox 1098 1299 1332 1346; x_wconf 76' lang='lat' dir='ltr'><strong>omnium,</strong></span> 
     </span>
    </p>

    <p class='ocr_par' dir='ltr' id='par_1_18' title="bbox 235 1367 1448 1416">
     <span class='ocr_line' id='line_1_18' title="bbox 235 1367 1448 1416; baseline -0.001 0"><span class='ocrx_word' id='word_1_89' title='bbox 235 1367 443 1416; x_wconf 90' lang='lat' dir='ltr'><strong>Domum</strong></span> <span class='ocrx_word' id='word_1_90' title='bbox 470 1373 520 1416; x_wconf 90' lang='lat' dir='ltr'><strong>et</strong></span> <span class='ocrx_word' id='word_1_91' title='bbox 545 1372 832 1416; x_wconf 86' lang='lat' dir='ltr'><strong>ornamenta</strong></span> <span class='ocrx_word' id='word_1_92' title='bbox 858 1381 970 1415; x_wconf 90' lang='lat' dir='ltr'><strong>cum</strong></span> <span class='ocrx_word' id='word_1_93' title='bbox 995 1369 1216 1416; x_wconf 88' lang='lat' dir='ltr'><strong>venustis</strong></span> <span class='ocrx_word' id='word_1_94' title='bbox 1240 1367 1448 1416; x_wconf 87' lang='lat' dir='ltr'><strong>hortulis</strong></span> 
     </span>
    </p>

    <p class='ocr_par' dir='ltr' id='par_1_19' title="bbox 234 1436 1276 1493">
     <span class='ocr_line' id='line_1_19' title="bbox 234 1436 1276 1493; baseline 0 -8"><span class='ocrx_word' id='word_1_95' title='bbox 234 1437 296 1485; x_wconf 90' lang='lat' dir='ltr'><strong>Et</strong></span> <span class='ocrx_word' id='word_1_96' title='bbox 319 1438 432 1485; x_wconf 84' lang='lat' dir='ltr'><strong>vina</strong></span> <span class='ocrx_word' id='word_1_97' title='bbox 456 1442 622 1486; x_wconf 89' lang='lat' dir='ltr'><strong>vetera</strong></span> <span class='ocrx_word' id='word_1_98' title='bbox 649 1436 758 1485; x_wconf 88' lang='lat' dir='ltr'><strong>date</strong></span> <span class='ocrx_word' id='word_1_99' title='bbox 783 1436 1009 1485; x_wconf 86' lang='lat' dir='ltr'><strong>lanificae</strong></span> <span class='ocrx_word' id='word_1_100' title='bbox 1034 1437 1276 1493; x_wconf 89' lang='lat' dir='ltr'><strong>rusticae;</strong></span> 
     </span>
    </p>

    <p class='ocr_par' dir='ltr' id='par_1_20' title="bbox 234 1506 1305 1571">
     <span class='ocr_line' id='line_1_20' title="bbox 234 1506 1305 1571; baseline 0.001 -18"><span class='ocrx_word' id='word_1_101' title='bbox 234 1506 456 1563; x_wconf 91' lang='lat' dir='ltr'><strong>Vestem,</strong></span> <span class='ocrx_word' id='word_1_102' title='bbox 483 1508 714 1562; x_wconf 90' lang='lat' dir='ltr'><strong>uniones,</strong></span> <span class='ocrx_word' id='word_1_103' title='bbox 742 1506 1040 1571; x_wconf 87' lang='lat' dir='ltr'><strong>pedisequos</strong></span> <span class='ocrx_word' id='word_1_104' title='bbox 1066 1511 1114 1555; x_wconf 89' lang='lat' dir='ltr'><strong>et</strong></span> <span class='ocrx_word' id='word_1_105' title='bbox 1139 1511 1305 1555; x_wconf 93' lang='lat' dir='ltr'><strong>cetera</strong></span> 
     </span>
    </p>

    <p class='ocr_par' dir='ltr' id='par_1_21' title="bbox 233 1574 1284 1640">
     <span class='ocr_line' id='line_1_21' title="bbox 233 1574 1284 1640; baseline -0.001 -16"><span class='ocrx_word' id='word_1_106' title='bbox 233 1576 309 1625; x_wconf 88' lang='lat' dir='ltr'><strong>Illi</strong></span> <span class='ocrx_word' id='word_1_107' title='bbox 335 1576 612 1639; x_wconf 85' lang='lat' dir='ltr'><strong>adsignate,</strong></span> <span class='ocrx_word' id='word_1_108' title='bbox 640 1577 788 1624; x_wconf 86' lang='lat' dir='ltr'><strong>vitam</strong></span> <span class='ocrx_word' id='word_1_109' title='bbox 814 1591 938 1640; x_wconf 90' lang='lat' dir='ltr'><strong>quae</strong></span> <span class='ocrx_word' id='word_1_110' title='bbox 964 1574 1081 1625; x_wconf 86' lang='lat' dir='ltr'><strong>luxu</strong></span> <span class='ocrx_word' id='word_1_111' title='bbox 1105 1575 1284 1632; x_wconf 89' lang='lat' dir='ltr'><strong>trahit;</strong></span> 
     </span>
    </p>

    <p class='ocr_par' dir='ltr' id='par_1_22' title="bbox 234 1644 1422 1710">
     <span class='ocr_line' id='line_1_22' title="bbox 234 1644 1422 1710; baseline 0 -15"><span class='ocrx_word' id='word_1_112' title='bbox 234 1646 411 1709; x_wconf 87' lang='lat' dir='ltr'><strong>Agros,</strong></span> <span class='ocrx_word' id='word_1_113' title='bbox 440 1645 700 1710; x_wconf 85' lang='lat' dir='ltr'><strong>villamque</strong></span> <span class='ocrx_word' id='word_1_114' title='bbox 727 1650 776 1694; x_wconf 91' lang='lat' dir='ltr'><strong>et</strong></span> <span class='ocrx_word' id='word_1_115' title='bbox 800 1660 980 1710; x_wconf 86' lang='lat' dir='ltr'><strong>pecora</strong></span> <span class='ocrx_word' id='word_1_116' title='bbox 1005 1659 1116 1694; x_wconf 91' lang='lat' dir='ltr'><strong>cum</strong></span> <span class='ocrx_word' id='word_1_117' title='bbox 1141 1644 1422 1710; x_wconf 87' lang='lat' dir='ltr'><strong>pastoribus</strong></span> 
     </span>
    </p>

    <p class='ocr_par' dir='ltr' id='par_1_23' title="bbox 231 1714 1327 1780">
     <span class='ocr_line' id='line_1_23' title="bbox 231 1714 1327 1780; baseline 0 -16"><span class='ocrx_word' id='word_1_118' title='bbox 231 1714 419 1764; x_wconf 88' lang='lat' dir='ltr'><strong>Donate</strong></span> <span class='ocrx_word' id='word_1_119' title='bbox 444 1715 695 1765; x_wconf 79' lang='lat' dir='ltr'><strong>moechae.</strong></span> <span class='ocrx_word' id='word_1_120' title='bbox 746 1714 886 1764; x_wconf 87' lang='lat' dir='ltr'><strong>Nulla</strong></span> <span class='ocrx_word' id='word_1_121' title='bbox 910 1716 1095 1780; x_wconf 89' lang='lat' dir='ltr'><strong>poterit</strong></span> <span class='ocrx_word' id='word_1_122' title='bbox 1117 1717 1327 1780; x_wconf 87' lang='lat' dir='ltr'><strong>perpeti,</strong></span> 
     </span>
    </p>

    <p class='ocr_par' dir='ltr' id='par_1_24' title="bbox 233 1783 1261 1850">
     <span class='ocr_line' id='line_1_24' title="bbox 233 1783 1261 1850; baseline 0 -17"><span class='ocrx_word' id='word_1_123' title='bbox 233 1784 295 1833; x_wconf 92' lang='lat' dir='ltr'><strong>Vt</strong></span> <span class='ocrx_word' id='word_1_124' title='bbox 317 1783 541 1834; x_wconf 89' lang='lat' dir='ltr'><strong>moribus</strong></span> <span class='ocrx_word' id='word_1_125' title='bbox 566 1784 685 1850; x_wconf 92' lang='lat' dir='ltr'><strong>quid</strong></span> <span class='ocrx_word' id='word_1_126' title='bbox 711 1790 879 1834; x_wconf 88' lang='lat' dir='ltr'><strong>teneat</strong></span> <span class='ocrx_word' id='word_1_127' title='bbox 904 1785 1117 1834; x_wconf 88' lang='lat' dir='ltr'><strong>alienum</strong></span> <span class='ocrx_word' id='word_1_128' title='bbox 1143 1786 1261 1834; x_wconf 86' lang='lat' dir='ltr'><strong>suis.</strong></span> 
     </span>
    </p>

    <p class='ocr_par' dir='ltr' id='par_1_25' title="bbox 230 1854 1375 1919">
     <span class='ocr_line' id='line_1_25' title="bbox 230 1854 1375 1919; baseline 0 -16"><span class='ocrx_word' id='word_1_129' title='bbox 230 1854 478 1903; x_wconf 83' lang='lat' dir='ltr'><strong>Deformis</strong></span> <span class='ocrx_word' id='word_1_130' title='bbox 503 1854 686 1903; x_wconf 87' lang='lat' dir='ltr'><strong>cultum</strong></span> <span class='ocrx_word' id='word_1_131' title='bbox 711 1854 909 1911; x_wconf 87' lang='lat' dir='ltr'><strong>vendet,</strong></span> <span class='ocrx_word' id='word_1_132' title='bbox 938 1860 993 1903; x_wconf 88' lang='lat' dir='ltr'><strong>ut</strong></span> <span class='ocrx_word' id='word_1_133' title='bbox 1018 1856 1184 1903; x_wconf 90' lang='lat' dir='ltr'><strong>vinum</strong></span> <span class='ocrx_word' id='word_1_134' title='bbox 1209 1861 1375 1919; x_wconf 76' lang='lat' dir='ltr'><strong>paret:</strong></span> 
     </span>
    </p>

    <p class='ocr_par' dir='ltr' id='par_1_26' title="bbox 231 1923 1371 1987">
     <span class='ocr_line' id='line_1_26' title="bbox 231 1923 1371 1987; baseline 0 -14"><span class='ocrx_word' id='word_1_135' title='bbox 231 1925 388 1987; x_wconf 84' lang='lat' dir='ltr'><strong>Agros</strong></span> <span class='ocrx_word' id='word_1_136' title='bbox 414 1923 597 1973; x_wconf 83' lang='lat' dir='ltr'><strong>abiciet</strong></span> <span class='ocrx_word' id='word_1_137' title='bbox 621 1924 850 1981; x_wconf 87' lang='lat' dir='ltr'><strong>moecha,</strong></span> <span class='ocrx_word' id='word_1_138' title='bbox 877 1929 933 1974; x_wconf 89' lang='lat' dir='ltr'><strong>ut</strong></span> <span class='ocrx_word' id='word_1_139' title='bbox 958 1930 1183 1974; x_wconf 89' lang='lat' dir='ltr'><strong>ornatum</strong></span> <span class='ocrx_word' id='word_1_140' title='bbox 1208 1930 1371 1987; x_wconf 78' lang='lat' dir='ltr'><strong>gerat:</strong></span> 
     </span>
    </p>

    <p class='ocr_par' dir='ltr' id='par_1_27' title="bbox 231 1993 1280 2058">
     <span class='ocr_line' id='line_1_27' title="bbox 231 1993 1280 2058; baseline 0.001 -16"><span class='ocrx_word' id='word_1_141' title='bbox 231 1995 293 2043; x_wconf 87' lang='lat' dir='ltr'><strong>At</strong></span> <span class='ocrx_word' id='word_1_142' title='bbox 316 1994 400 2042; x_wconf 90' lang='lat' dir='ltr'><strong>illa</strong></span> <span class='ocrx_word' id='word_1_143' title='bbox 426 1993 645 2057; x_wconf 86' lang='lat' dir='ltr'><strong>gaudens</strong></span> <span class='ocrx_word' id='word_1_144' title='bbox 668 2008 849 2058; x_wconf 88' lang='lat' dir='ltr'><strong>pecore</strong></span> <span class='ocrx_word' id='word_1_145' title='bbox 877 1999 926 2042; x_wconf 90' lang='lat' dir='ltr'><strong>et</strong></span> <span class='ocrx_word' id='word_1_146' title='bbox 948 1994 1088 2043; x_wconf 89' lang='lat' dir='ltr'><strong>lanae</strong></span> <span class='ocrx_word' id='word_1_147' title='bbox 1115 1994 1280 2043; x_wconf 89' lang='lat' dir='ltr'><strong>dedita</strong></span> 
     </span>
    </p>

    <p class='ocr_par' dir='ltr' id='par_1_28' title="bbox 232 2062 1435 2129">
     <span class='ocr_line' id='line_1_28' title="bbox 232 2062 1435 2129; baseline 0.002 -17"><span class='ocrx_word' id='word_1_148' title='bbox 232 2062 546 2129; x_wconf 87' lang='lat' dir='ltr'><strong>Quacumque</strong></span> <span class='ocrx_word' id='word_1_149' title='bbox 572 2078 761 2113; x_wconf 84' lang='lat' dir='ltr'><strong>summa</strong></span> <span class='ocrx_word' id='word_1_150' title='bbox 786 2063 947 2113; x_wconf 86' lang='lat' dir='ltr'><strong>tradet</strong></span> <span class='ocrx_word' id='word_1_151' title='bbox 971 2063 1194 2112; x_wconf 87' lang='lat' dir='ltr'><strong>luxuriae</strong></span> <span class='ocrx_word' id='word_1_152' title='bbox 1222 2063 1435 2114; x_wconf 87' lang='lat' dir='ltr'><strong>domum.</strong></span> 
     </span>
    </p>

    <p class='ocr_par' dir='ltr' id='par_1_29' title="bbox 232 2131 1336 2198">
     <span class='ocr_line' id='line_1_29' title="bbox 232 2131 1336 2198; baseline 0 -17"><span class='ocrx_word' id='word_1_153' title='bbox 232 2132 313 2181; x_wconf 90' lang='lat' dir='ltr'><strong>Sic</strong></span> <span class='ocrx_word' id='word_1_154' title='bbox 338 2132 469 2182; x_wconf 88' lang='lat' dir='ltr'><strong>nulla</strong></span> <span class='ocrx_word' id='word_1_155' title='bbox 494 2131 789 2198; x_wconf 83' lang='lat' dir='ltr'><strong>possidebit,</strong></span> <span class='ocrx_word' id='word_1_156' title='bbox 819 2133 948 2198; x_wconf 89' lang='lat' dir='ltr'><strong>quod</strong></span> <span class='ocrx_word' id='word_1_157' title='bbox 973 2134 1131 2183; x_wconf 87' lang='lat' dir='ltr'><strong>fuerit</strong></span> <span class='ocrx_word' id='word_1_158' title='bbox 1155 2132 1336 2190; x_wconf 88' lang='lat' dir='ltr'><strong>datum,</strong></span> 
     </span>
    </p>

    <p class='ocr_par' dir='ltr' id='par_1_30' title="bbox 229 2202 1237 2268">
     <span class='ocr_line' id='line_1_30' title="bbox 229 2202 1237 2268; baseline 0.001 -18"><span class='ocrx_word' id='word_1_159' title='bbox 229 2202 291 2251; x_wconf 89' lang='lat' dir='ltr'><strong>Et</strong></span> <span class='ocrx_word' id='word_1_160' title='bbox 318 2203 497 2251; x_wconf 88' lang='lat' dir='ltr'><strong>dictam</strong></span> <span class='ocrx_word' id='word_1_161' title='bbox 525 2205 670 2252; x_wconf 86' lang='lat' dir='ltr'><strong>matri</strong></span> <span class='ocrx_word' id='word_1_162' title='bbox 696 2204 953 2252; x_wconf 82' lang='lat' dir='ltr'><strong>conserent</strong></span> <span class='ocrx_word' id='word_1_163' title='bbox 977 2204 1237 2268; x_wconf 88' lang='lat' dir='ltr'><strong>pecuniam</strong></span> 
     </span>
    </p>

    <p class='ocr_par' dir='ltr' id='par_1_31' title="bbox 228 2272 1452 2407">
     <span class='ocr_line' id='line_1_31' title="bbox 228 2272 1452 2337; baseline 0.003 -17"><span class='ocrx_word' id='word_1_164' title='bbox 228 2272 300 2320; x_wconf 85' lang='lat' dir='ltr'><strong>Ex</strong></span> <span class='ocrx_word' id='word_1_165' title='bbox 326 2274 487 2337; x_wconf 88' lang='lat' dir='ltr'><strong>pretio</strong></span> <span class='ocrx_word' id='word_1_166' title='bbox 511 2286 706 2329; x_wconf 90' lang='lat' dir='ltr'><strong>rerum,</strong></span> <span class='ocrx_word' id='word_1_167' title='bbox 734 2288 855 2337; x_wconf 84' lang='lat' dir='ltr'><strong>quas</strong></span> <span class='ocrx_word' id='word_1_168' title='bbox 880 2273 1192 2322; x_wconf 85' lang='lat' dir='ltr'><strong>vendiderint</strong></span> <span class='ocrx_word' id='word_1_169' title='bbox 1217 2273 1452 2336; x_wconf 86' lang='lat' dir='ltr'><strong>singulae.</strong></span> 
     </span>
     <span class='ocr_line' id='line_1_32' title="bbox 298 2340 1375 2407; baseline 0.003 -18"><span class='ocrx_word' id='word_1_170' title='bbox 298 2340 370 2390; x_wconf 85' lang='lat' dir='ltr'><strong>Ita</strong></span> <span class='ocrx_word' id='word_1_171' title='bbox 396 2341 525 2406; x_wconf 92' lang='lat' dir='ltr'><strong>quod</strong></span> <span class='ocrx_word' id='word_1_172' title='bbox 549 2341 816 2391; x_wconf 86' lang='lat' dir='ltr'><strong>multorum</strong></span> <span class='ocrx_word' id='word_1_173' title='bbox 842 2343 969 2406; x_wconf 85' lang='lat' dir='ltr'><strong>fugit</strong></span> <span class='ocrx_word' id='word_1_174' title='bbox 994 2342 1375 2407; x_wconf 84' lang='lat' dir='ltr'><strong>inprudentiam,</strong></span> 
     </span>
    </p>

    <p class='ocr_par' dir='ltr' id='par_1_32' title="bbox 228 2410 1124 2476">
     <span class='ocr_line' id='line_1_33' title="bbox 228 2410 1124 2476; baseline 0.002 -17"><span class='ocrx_word' id='word_1_175' title='bbox 228 2410 381 2460; x_wconf 85' lang='lat' dir='ltr'><strong>Vnius</strong></span> <span class='ocrx_word' id='word_1_176' title='bbox 405 2411 620 2463; x_wconf 87' lang='lat' dir='ltr'><strong>hominis</strong></span> <span class='ocrx_word' id='word_1_177' title='bbox 644 2413 867 2476; x_wconf 90' lang='lat' dir='ltr'><strong>repperit</strong></span> <span class='ocrx_word' id='word_1_178' title='bbox 892 2412 1124 2461; x_wconf 86' lang='lat' dir='ltr'><strong>sollertia.</strong></span> 
     </span>
    </p>
   </div>
   <div class='ocr_carea' id='block_1_3' title="bbox 810 2538 1247 2586">
    <p class='ocr_par' dir='ltr' id='par_1_33' title="bbox 810 2538 1247 2586">
     <span class='ocr_line' id='line_1_34' title="bbox 810 2538 1247 2586; baseline 0.002 -1"><span class='ocrx_word' id='word_1_179' title='bbox 810 2538 1123 2586; x_wconf 83' lang='lat' dir='ltr'><strong>FABVLA</strong></span> <span class='ocrx_word' id='word_1_180' title='bbox 1161 2538 1247 2586; x_wconf 87' lang='lat' dir='ltr'><strong>VI.</strong></span> 
     </span>
    </p>
   </div>
   <div class='ocr_carea' id='block_1_4' title="bbox 413 2618 1631 2662">
    <p class='ocr_par' dir='ltr' id='par_1_34' title="bbox 413 2618 1631 2662">
     <span class='ocr_line' id='line_1_35' title="bbox 413 2618 1631 2662; baseline 0.002 -3"><span class='ocrx_word' id='word_1_181' title='bbox 413 2618 659 2660; x_wconf 80' lang='lat' dir='ltr'><strong>PVGNA</strong></span> <span class='ocrx_word' id='word_1_182' title='bbox 688 2620 983 2661; x_wconf 83' lang='lat' dir='ltr'><strong>MVRIVM</strong></span> <span class='ocrx_word' id='word_1_183' title='bbox 1013 2620 1099 2659; x_wconf 78' lang='grc' dir='ltr'><strong>ΕΤ</strong></span> <span class='ocrx_word' id='word_1_184' title='bbox 1128 2619 1631 2662; x_wconf 71' lang='lat' dir='ltr'><strong>MVSTELARVM.</strong></span> 
     </span>
    </p>
   </div>
   <div class='ocr_carea' id='block_1_5' title="bbox 229 2689 1435 2893">
    <p class='ocr_par' dir='ltr' id='par_1_35' title="bbox 229 2689 1435 2893">
     <span class='ocr_line' id='line_1_36' title="bbox 299 2689 1344 2739; baseline 0.001 -1"><span class='ocrx_word' id='word_1_185' title='bbox 299 2689 418 2738; x_wconf 89' lang='lat' dir='ltr'><strong>Cum</strong></span> <span class='ocrx_word' id='word_1_186' title='bbox 445 2691 559 2738; x_wconf 84' lang='lat' dir='ltr'><strong>victi</strong></span> <span class='ocrx_word' id='word_1_187' title='bbox 585 2704 753 2739; x_wconf 88' lang='lat' dir='ltr'><strong>mures</strong></span> <span class='ocrx_word' id='word_1_188' title='bbox 777 2689 1097 2738; x_wconf 86' lang='lat' dir='ltr'><strong>mustelarum</strong></span> <span class='ocrx_word' id='word_1_189' title='bbox 1124 2692 1344 2739; x_wconf 82' lang='lat' dir='ltr'><strong>exercitu</strong></span> 
     </span>
     <span class='ocr_line' id='line_1_37' title="bbox 232 2758 1353 2825; baseline 0.001 -19"><span class='ocrx_word' id='word_1_190' title='bbox 232 2758 461 2821; x_wconf 86' lang='lat' dir='ltr'><strong>(Historia</strong></span> <span class='ocrx_word' id='word_1_191' title='bbox 488 2774 696 2823; x_wconf 88' lang='lat' dir='ltr'><strong>quorum</strong></span> <span class='ocrx_word' id='word_1_192' title='bbox 722 2765 771 2809; x_wconf 88' lang='lat' dir='ltr'><strong>et</strong></span> <span class='ocrx_word' id='word_1_193' title='bbox 795 2760 846 2808; x_wconf 91' lang='lat' dir='ltr'><strong>in</strong></span> <span class='ocrx_word' id='word_1_194' title='bbox 872 2758 1093 2808; x_wconf 87' lang='lat' dir='ltr'><strong>tabernis</strong></span> <span class='ocrx_word' id='word_1_195' title='bbox 1117 2759 1353 2825; x_wconf 88' lang='lat' dir='ltr'><strong>pingitur)</strong></span> 
     </span>
     <span class='ocr_line' id='line_1_38' title="bbox 229 2828 1435 2893; baseline 0 -16"><span class='ocrx_word' id='word_1_196' title='bbox 229 2828 478 2891; x_wconf 83' lang='lat' dir='ltr'><strong>Fugerent</strong></span> <span class='ocrx_word' id='word_1_197' title='bbox 503 2835 551 2877; x_wconf 87' lang='lat' dir='ltr'><strong>et</strong></span> <span class='ocrx_word' id='word_1_198' title='bbox 576 2835 707 2879; x_wconf 89' lang='lat' dir='ltr'><strong>artos</strong></span> <span class='ocrx_word' id='word_1_199' title='bbox 732 2830 919 2878; x_wconf 88' lang='lat' dir='ltr'><strong>circum</strong></span> <span class='ocrx_word' id='word_1_200' title='bbox 946 2828 1252 2893; x_wconf 87' lang='lat' dir='ltr'><strong>trepidarent</strong></span> <span class='ocrx_word' id='word_1_201' title='bbox 1278 2843 1435 2887; x_wconf 86' lang='lat' dir='ltr'><strong>cavos,</strong></span> 
     </span>
    </p>
   </div>
   <div class='ocr_carea' id='block_1_6' title="bbox 1784 400 1843 442">
    <p class='ocr_par' dir='ltr' id='par_1_36' title="bbox 1784 400 1843 442">
     <span class='ocr_line' id='line_1_39' title="bbox 1784 400 1843 442; baseline 0.017 -1"><span class='ocrx_word' id='word_1_202' title='bbox 1784 400 1843 442; x_wconf 71' lang='lat'><strong>²0</strong></span> 
     </span>
    </p>
   </div>
   <div class='ocr_carea' id='block_1_7' title="bbox 1781 717 1940 790">
    <p class='ocr_par' dir='ltr' id='par_1_37' title="bbox 1781 717 1940 790">
     <span class='ocr_line' id='line_1_40' title="bbox 1781 717 1940 790; baseline -0.006 0"><span class='ocrx_word' id='word_1_203' title='bbox 1781 717 1940 790; x_wconf 65' lang='lat'><strong>2522</strong></span> 
     </span>
    </p>
   </div>
   <div class='ocr_carea' id='block_1_8' title="bbox 1779 1095 1838 1138">
    <p class='ocr_par' dir='ltr' id='par_1_38' title="bbox 1779 1095 1838 1138">
     <span class='ocr_line' id='line_1_41' title="bbox 1779 1095 1838 1138; baseline -0.017 0"><span class='ocrx_word' id='word_1_204' title='bbox 1779 1095 1838 1138; x_wconf 84' lang='lat'><strong>30</strong></span> 
     </span>
    </p>
   </div>
   <div class='ocr_carea' id='block_1_9' title="bbox 1772 1794 1917 1846">
    <p class='ocr_par' dir='ltr' id='par_1_39' title="bbox 1772 1794 1917 1846">
     <span class='ocr_line' id='line_1_42' title="bbox 1772 1794 1917 1846; baseline 0.007 -12"><span class='ocrx_word' id='word_1_205' title='bbox 1772 1794 1917 1846; x_wconf 54' lang='grc' dir='ltr'><strong>4ο,</strong></span> 
     </span>
    </p>
   </div>
   <div class='ocr_carea' id='block_1_10' title="bbox 1770 2142 1825 2183">
    <p class='ocr_par' dir='ltr' id='par_1_40' title="bbox 1770 2142 1825 2183">
     <span class='ocr_line' id='line_1_43' title="bbox 1770 2142 1825 2183; baseline 0.018 -1"><span class='ocrx_word' id='word_1_206' title='bbox 1770 2142 1825 2183; x_wconf 80' lang='grc'><strong>45</strong></span> 
     </span>
    </p>
   </div>
  </div>
 </body>
</html>
