1940 3072
8 538 91 580 725

0 907 92 948 ³130

13 1275 89 1316 735

789 220 858 226 --
936 189 1153 242 31.-

126 305 422 376 transierit‚
462 307 603 360 celso
643 307 753 361 late
793 325 849 360 se
889 306 1103 361 cardine
1142 307 1334 378 pandit

126 382 478 450 auratumque
515 380 714 434 rubens
754 381 992 434 demittit
1029 382 1240 435 balteus
1281 400 1482 436 ensem.

199 452 347 507 Talis
388 457 442 508 et
478 455 593 525 ipse
631 456 810 509 uirum
850 456 1069 524 gemina.
1108 456 1176 509 ad
1214 456 1447 527 uestigia
1486 459 1669 510 custos

123 528 439 599 insequitur.
517 529 595 583 sic
631 529 964 599 flammigero
1004 530 1357 600 distinguitur
1396 533 1540 584 astro

126 602 395 656 aetheriae
435 603 612 656 canis
652 604 743 657 ille
782 604 999 674 plagae,
1039 605 1125 657 cui
1163 605 1425 673 plurimus
1465 604 1625 658 ardor

125 679 339 729 aestuat
376 677 434 729 in
471 679 679 746 mentO,
718 678 920 731 multus
959 679 1126 732 rubor
1164 678 1343 731 inbuit
1382 696 1492 732 ora.

126 750 307 803 stridit
346 751 625 805 anhelanti
663 751 779 805 face
817 751 1066 821 pestifer,
1104 769 1229 805 aera
1267 754 1420 805 motu

123 827 298 878 torret
338 828 392 878 et
429 825 685 879 inmodici
723 829 896 879 terras
937 826 1120 895 coquit
1156 825 1374 895 ignibus
1399 826 1562 879 astri.

123 897 212 951 hic
249 899 431 952 uarios
472 899 623 952 ardet
662 900 834 953 stellis
874 899 1226 953 rutilantibus
1267 902 1441 969 artUS,

125 972 218 1025 sed
254 991 364 1026 non
403 976 487 1026 est
525 972 716 1027 similis
757 974 960 1028 cunctis
1000 974 1178 1044 uigor,
1218 973 1449 1042 undique
1491 974 1690 1044 quippe

122 1046 277 1099 aluus
319 1064 551 1100 coeanea
591 1051 694 1117 est,
733 1052 916 1102 mento
956 1048 1140 1118 grauis
1180 1048 1352 1100 effluit
1390 1048 1571 1117 ardor,

123 1120 214 1190 qui
255 1120 543 1175 formidato
585 1123 684 1175 sub
723 1122 942 1176 nomine
984 1120 1194 1175 Sirius
1234 1122 1480 1175 aethram

121 1194 243 1247 urit.
318 1195 442 1248 huic
480 1195 672 1249 rutilos
714 1197 759 1250 si
799 1194 892 1250 Sol
932 1195 1209 1250 adflexerit
1248 1214 1372 1249 axes
1380 1238 1395 1264 ‚

123 1270 356 1337 quantus
396 1269 734 1339 corporibUS‚
773 1272 1005 1340 quantus
1045 1270 1200 1323 labor
1236 1269 1463 1322 inminet
1503 1271 1672 1340 agris!

122 1342 437 1395 marcebunt
475 1346 594 1396 sata
633 1347 821 1397 cuncta
861 1344 973 1411 diu,
1011 1362 1242 1414 namque
1282 1343 1470 1414 indiga
1510 1345 1646 1414 suci,

122 1415 167 1468 si
206 1434 311 1485 qua
350 1417 550 1486 iacent,
590 1418 786 1471 cedunt
824 1418 1003 1471 ualido
1043 1420 1325 1487 penetrata
1356 1418 1547 1487 calori,

123 1507 186 1543 ac
225 1490 565 1544 decoctorum
603 1492 942 1561 languebunt
981 1492 1226 1561 germina
1262 1491 1470 1544 florum.

120 1563 216 1617 illa
254 1567 455 1633 autem,
492 1565 707 1619 interno
747 1584 882 1635 quae
923 1568 1049 1619 sunt
1089 1566 1326 1618 animata
1364 1566 1574 1635 uigore,

122 1635 292 1691 Sirius
332 1639 547 1692 adtollit
584 1640 919 1708 blandusque
958 1640 1217 1693 inlabitur
1256 1639 1449 1692 herbas

121 1709 291 1765 Sirius
332 1715 387 1765 et
426 1713 568 1766 dulci
605 1714 780 1766 nutrit
818 1714 1088 1782 tepefacta
1128 1731 1330 1766 sereno.

118 1785 284 1854 hunc,
324 1786 489 1856 hunc,
527 1787 831 1840 flammanti
870 1805 991 1840 cum
1029 1787 1265 1856 primum
1303 1786 1485 1839 uibrat
1524 1787 1591 1840 ab
1634 1791 1780 1856 ortu,

120 1859 341 1913 auribus
390 1860 561 1930 adque
602 1862 781 1914 animo
823 1862 1063 1930 capimus
1103 1861 1304 1929 procul.
1382 1861 1550 1913 altera
1591 1861 1636 1914 si
1678 1879 1811 1931 quae

121 1934 398 1986 stellarum
438 1935 587 1989 fuluo
626 1936 876 2003 rutilant,
916 1953 1051 2004 quae
1090 1934 1323 2003 plurima
1361 1934 1512 2004 longi

119 2007 281 2061 belua
318 2007 426 2061 fert
464 2009 672 2078 lateris,
710 2027 883 2078 neque
923 2009 1096 2061 multa
1134 2009 1251 2061 luce
1290 2011 1574 2061 coruscant

121 2084 174 2134 et
212 2082 558 2152 designandis
597 2086 813 2136 tantum
853 2086 979 2136 sunt
1017 2081 1199 2134 addita
1238 2082 1510 2135 membris,

178 2153 442 2209 Paruulus
453 2157 510 2208 in
523 2158 695 2210 stellis
712 2157 730 2208 l
742 2175 768 2209 e
778 2175 812 2225 p
823 2176 859 2210 u
869 2176 893 2209 s
912 2159 993 2209 est
1003 2173 1228 2225 quoque,
1237 2174 1467 2225 namque
1478 2156 1570 2209 ubi
1580 2173 1809 2226 magnus

122 2229 316 2282 emicat
355 2229 545 2301 Orion,
586 2231 802 2301 gemina
842 2231 906 2283 ad
946 2230 1179 2299 uestigia
1218 2229 1402 2282 subter

240 2424 323 2464 722
363 2420 459 2465 late
490 2421 536 2464 A
576 2420 701 2465 latae
743 2420 787 2463 V
906 2423 989 2465 723
1030 2418 1239 2463 demittit
1270 2419 1517 2463 Schraderi
1548 2423 1810 2463 commenta-

118 2479 219 2522 rius
248 2479 452 2524 Beroliri.
487 2479 686 2523 dimittit
719 2479 835 2523 VAe
954 2492 998 2523 u.
1034 2482 1127 2523 724
1167 2479 1434 2523 inscribitur
1467 2477 1682 2521 SYRIVS
1727 2478 1811 2520 VA

123 2541 207 2583 728
240 2538 482 2583 anhelanti
523 2539 567 2581 V
593 2537 835 2599 anhelanti
866 2539 911 2581 A
1002 2542 1086 2581 ‘132
1120 2538 1252 2581 aluus
1285 2551 1486 2582 coeanea
1518 2539 1591 2580 est
1622 2536 1811 2580 Grotius

120 2597 280 2642 alueus
313 2610 459 2642 ocana
490 2604 547 2642 aa
579 2603 603 2642 e
646 2598 688 2640 V
716 2598 876 2642 alueus
909 2610 1082 2641 ocanea
1115 2597 1186 2640 est
1215 2596 1261 2639 A
1331 2600 1414 2640 735
1448 2595 1572 2651 agris
1615 2594 1658 2637 V
1686 2595 1808 2654 egris

122 2660 207 2701 737
231 2657 478 2712 penetrata
501 2658 546 2700 A
570 2658 787 2714 pentrata
820 2656 864 2699 V
922 2660 1006 2700 739
1031 2656 1192 2711 uigore
1219 2655 1262 2698 V
1281 2655 1430 2699 nitore
1447 2654 1492 2698 A
1558 2658 1641 2698 740
1668 2653 1810 2698 Sirius

122 2715 313 2761 Grotius
345 2715 394 2759 Si
423 2715 552 2772 prius
594 2716 677 2759 VA
702 2718 717 2771 ΙΙ
740 2715 1029 2770 blandusque
1067 2714 1110 2758 V
1138 2727 1251 2758 corr.
1284 2726 1448 2757 marius
1480 2716 1506 2757 1
1537 2714 1582 2756 A
1607 2714 1622 2768 ΙΙ
1645 2713 1812 2757 herbas

129 2774 172 2817 V
208 2774 239 2818 h
269 2773 376 2818 rbas
415 2775 461 2818 A
613 2779 696 2819 741
742 2773 892 2818 nutrit
929 2773 1164 2830 tepefacta
1202 2773 1247 2816 A
1288 2771 1461 2816 nutrite
1501 2786 1558 2827 pe
1598 2772 1724 2816 facta
1771 2771 1813 2814 V

123 2838 208 2878 744
258 2832 367 2878 uluo
409 2833 494 2878 VA
526 2834 583 2889 cf.
618 2834 806 2878 Hermes
840 2833 955 2877 XII
983 2846 1031 2888 p.
1068 2835 1156 2876 155
1185 2845 1230 2875 ri.
1262 2834 1325 2877 22
1450 2835 1533 2875 745
1567 2831 1810 2876 coruscant

130 2892 173 2935 V
210 2906 455 2939 coruscans
487 2893 532 2936 A
624 2907 668 2938 u.
704 2896 794 2939 747
824 2892 1094 2938 inscribitur
1125 2890 1317 2935 LEPVS
1360 2890 1445 2934 VA
