1940 3072
43 255 156 298 1460

41 622 154 666 1465

42 993 155 1035 1470

39 1362 150 1405 1475

39 1734 151 1776 1480

189 244 442 298 cornibus
482 243 804 313 ingreditur,
844 244 891 297 si
930 244 1108 313 quarti
1147 244 1337 297 sideris
1378 246 1502 297 ortu

187 318 428 387 percussi
466 320 684 370 tenuem
721 318 1011 388 protendat
1049 317 1290 387 corporis
1327 317 1600 387 umbram,

185 392 448 445 imbribus
490 394 583 444 aut
620 391 867 462 zephyris
906 392 1274 462 hebetabitur‚
1313 394 1505 462 arguet
1541 391 1684 445 ultro

187 466 359 519 flabra
396 466 516 519 noti
555 468 648 519 aut
685 466 915 535 pluuias.
989 484 1117 519 nam
1157 484 1369 520 crassus
1411 466 1635 535 desuper
1674 483 1765 519 aer

187 558 387 592 cornua
426 558 584 593 caeca
622 541 843 609 premit,
882 543 1045 593 notus
1085 540 1279 593 uuidus
1319 558 1445 593 aera
1483 539 1646 611 cogit.

187 614 350 666 tertia
390 615 436 666 si
475 632 687 667 rursum
725 614 989 683 protollat
1029 612 1266 683 Cynthia
1305 632 1490 668 cursus
1498 655 1513 683 ‚

190 687 264 740 sic
306 688 556 741 subrecta
594 688 738 741 faces
779 691 833 741 et
871 689 1118 742 acumina
1155 691 1306 741 tenta
1344 705 1654 758 coruscans,

185 763 246 813 ut
283 779 381 814 nec
420 779 585 814 curua
624 763 778 831 quasi
817 762 1049 815 declinet
1087 780 1288 816 cornua
1325 779 1424 814 nec
1462 780 1520 815 se

185 835 308 888 fusa
349 836 603 904 supinato
644 836 861 890 diducat
899 836 1104 889 lumine
1142 837 1200 888 in
1240 854 1421 889 auras:

187 909 407 962 occiduo
447 910 740 979 zephyrum
777 910 1048 980 praedicet
1086 927 1304 980 surgere
1342 909 1540 963 mundo

189 986 284 1035 aut
320 982 522 1052 Libyae
563 984 627 1036 de
666 987 819 1052 parte
859 987 1064 1037 notum.
1143 985 1227 1036 sin
1267 986 1522 1053 quattuor
1562 985 1742 1036 autem

188 1054 429 1125 Cynthia
469 1058 746 1111 curriculis
786 1059 994 1111 caelum
1035 1058 1182 1111 subit
1219 1057 1390 1127 adque
1431 1058 1663 1111 coruscis

186 1131 437 1184 cornibus
475 1131 743 1185 inmodice
782 1132 1156 1201 prostantibus
1196 1132 1393 1185 exserit
1430 1133 1608 1202 igneS‚

185 1204 267 1257 uis
307 1205 518 1274 prolixa
558 1206 734 1258 salum
774 1207 898 1276 ciet,
938 1207 1086 1259 ocius
1127 1206 1308 1259 omnia
1347 1207 1495 1259 cauri

185 1296 455 1331 marmora
495 1280 849 1348 conuoluent‚
887 1280 1003 1332 fera
1040 1283 1258 1333 uerrent
1293 1280 1465 1333 flabra
1502 1278 1844 1348 profundum.

185 1352 341 1404 istius
380 1353 439 1405 in
476 1353 680 1406 borean
720 1354 863 1423 quod
904 1372 960 1406 se
999 1355 1238 1407 sustollit
1276 1371 1519 1422 acumen,
1643 1368 1649 1373 “

187 1426 234 1478 si
274 1444 495 1479 curuum
536 1428 711 1495 specie
749 1427 900 1480 uelut
939 1429 1160 1496 adnuat,
1201 1428 1384 1480 adfore
1423 1428 1569 1481 caelo

189 1518 349 1552 saeua
387 1501 675 1569 procellosi
712 1500 985 1569 praedicet
1021 1501 1192 1554 flabra
1231 1501 1513 1571 aquilonis.

186 1591 416 1643 namque
457 1574 560 1627 hoc
597 1575 780 1644 urgeri
820 1592 936 1628 sese
977 1575 1178 1628 adserit
1214 1575 1422 1644 hocque
1461 1575 1701 1645 grauari,

188 1647 233 1699 si
273 1648 403 1701 luna
445 1648 557 1700 alta
594 1651 754 1701 tuens
794 1648 949 1701 docet
986 1649 1295 1702 inclinarier
1333 1649 1460 1702 alta.

186 1720 358 1774 indice
399 1740 583 1774 rursus
624 1740 686 1775 eo
726 1722 909 1775 ueniet
946 1726 1132 1791 notuS‚
1169 1722 1308 1776 hanc
1347 1723 1440 1775 ubi
1478 1725 1687 1791 partem

182 1812 323 1862 pone
364 1795 604 1864 supinari
644 1796 984 1865 conspexeris
1022 1797 1184 1866 inque
1223 1797 1477 1850 reclinem

185 1871 375 1935 sponte
413 1869 662 1922 habitum
700 1870 893 1939 pandi,
930 1888 1060 1923 nam
1100 1871 1345 1940 subrigat
1383 1874 1565 1923 auster
1602 1888 1827 1923 acumen

182 1940 434 1995 inferiore
473 1943 653 2013 plaga.
731 1945 776 1996 si
813 1942 1019 1996 lunam‘
1037 1945 1230 1997 tertius
1271 1947 1419 1997 ortus
1483 1960 1485 1962 ·

181 2015 422 2083 proferat
462 2017 633 2086 adque
674 2018 802 2071 deae
843 2018 1135 2071 conuoluat
1172 2018 1403 2071 circulus
1444 2036 1565 2071 oras

303 2180 415 2220 1460
449 2179 553 2221 ortu
583 2191 609 2221 v
643 2179 796 2221 ortum
837 2178 957 2222 VAe
1079 2182 1190 2222 1461
1224 2177 1428 2234 percussi
1459 2179 1643 2222 tenuem
1680 2177 1868 2222 Grotius

179 2235 385 2290 percussi
425 2237 478 2279 ut
515 2237 703 2280 tenuem
744 2236 829 2280 VA
847 2251 867 2281 0
961 2241 1073 2281 1468
1113 2236 1286 2281 lumine
1317 2236 1366 2280 in
1398 2250 1532 2281 auras
1563 2237 1609 2281 A
1639 2235 1873 2281 luminen-·

178 2293 365 2337 inauras
415 2294 459 2337 V
493 2295 649 2339 lumen
687 2295 735 2339 in
775 2309 911 2340 auras
950 2309 1011 2340 ev
1052 2297 1109 2350 cf.
1148 2296 1335 2340 Hermes
1369 2296 1507 2339 XVI
1527 2309 1576 2353 p.
1609 2298 1699 2340 131
1730 2309 1774 2340 νη.
1806 2297 1868 2340 93

182 2399 296 2439 1470
329 2395 504 2453 Libyae
538 2397 583 2440 A
621 2397 776 2454 lybiae
818 2397 862 2441 V
980 2403 1092 2442 1472
1124 2398 1441 2455 prostantibus
1472 2411 1498 2442 v
1529 2365 1867 2468 prosstantibus

187 2483 230 2526 V
268 2485 609 2540 prostrantibus
648 2485 731 2529 Ae
768 2487 784 2542 ΙΙ
823 2486 994 2530 exserit
1032 2486 1220 2530 Grotius
1265 2486 1431 2530 suserit
1477 2486 1521 2530 V
1561 2486 1727 2531 usserit
1772 2498 1866 2531 cor-

178 2544 298 2586 reoeit
335 2543 381 2586 A
504 2549 616 2588 1473
664 2544 734 2588 uis
783 2544 972 2589 Grotius
1009 2545 1088 2588 uix
1137 2545 1221 2588 VA
1252 2546 1267 2601 ss
1306 2544 1433 2589 cauri
1470 2559 1495 2589 v
1537 2545 1696 2590 chauri
1743 2545 1866 2589 VAe

182 2606 296 2645 1474
335 2602 434 2646 fera
463 2604 509 2646 A
540 2603 662 2646 ferra
702 2603 746 2646 V
771 2604 786 2659 ΙΙ
816 2604 1001 2648 uerrent
1040 2603 1083 2646 V
1110 2605 1294 2648 uertent
1325 2605 1368 2647 A
1492 2609 1604 2649 1476
1636 2604 1789 2661 specie
1819 2604 1865 2647 A

180 2660 363 2715 speciae
405 2661 449 2704 V
474 2663 490 2717 ΙΙ
522 2662 698 2705 adnuat
728 2664 905 2706 correaei
935 2665 1077 2706 anuat
1117 2662 1161 2705 V
1187 2664 1361 2706 annuat
1391 2663 1435 2706 A
1458 2665 1474 2719 ΙΙ
1499 2663 1655 2707 adfore
1686 2677 1707 2707 e
1739 2662 1866 2707 afore

190 2718 234 2760 V
261 2718 403 2764 affore
435 2720 482 2763 A
580 2725 691 2765 1479
725 2721 763 2764 si
794 2721 905 2765 luna
937 2721 1035 2765 alta
1064 2724 1200 2765 tuens
1230 2722 1395 2778 scripsi
1426 2723 1483 2776 cf.
1507 2722 1693 2766 Hermes
1720 2719 1869 2764 XIII

173 2792 222 2833 p.
250 2781 342 2821 363
374 2792 419 2822 n.
446 2783 505 2822 46
540 2779 681 2823 Sfima
711 2780 806 2839 alte
834 2780 1006 2824 tuendo
1041 2780 1085 2823 V
1106 2780 1295 2824 Summa
1319 2780 1411 2824 alte
1435 2781 1608 2825 tuendo
1633 2781 1677 2824 A
1695 2794 1716 2824 e
1745 2781 1866 2824 hwnc

178 2850 357 2881 uersum
388 2839 552 2881 omittit
583 2852 608 2881 v

1896 628 1940 662 14

1898 999 1940 1031 14

1898 1367 1939 1401 15

1897 1737 1938 1770 15
