1940 3072
0 1319 7 1349 2*
0 1279 15 1311 υ
0 909 33 1270 ἻᾞΜρι-ικτ
0 867 23 902 ἔτι
0 487 34 860 ‹tt-simv‘rraffffi

56 1128 66 1132 ι
51 991 56 999 .

47 432 73 459 ,5⁴
67 326 70 327 ,
43 200 67 212 2⁴
59 144 73 168 ‹-
49 68 70 73 .'
62 52 64 54 ⁴

90 335 93 338 .
88 106 90 109 .
109 31 136 74 bt

765 119 1213 206 ἤτω-333
1365 147 1368 150 -
1546 202 1550 205 ,
1665 143 1736 196 29

246 266 525 338 Temporis
549 267 845 337 immodici,
871 286 972 322 nec
994 287 1092 322 uos
1116 269 1335 338 impune
1359 269 1558 322 tacetis.

246 337 428 393 Poena
453 343 535 392 est
556 357 671 392 non
694 338 866 392 leuior
890 339 1044 392 uobis
1070 339 1344 408 quatiente
1368 338 1587 408 pudore,

244 407 399 471 Quod
423 409 548 462 licet
573 409 1030 479 exiguumtamen
1053 409 1195 462 inter
1211 410 1336 462 -iura
1357 413 1573 479 poetam

248 478 510 532 Temnitis
534 479 870 532 immemores
895 479 1124 532 facunda
1147 482 1326 533 mente
1350 480 1525 548 periti.

120 547 225 599 ’125
253 547 393 611 Quid
416 549 634 619 prodest
657 568 894 603 seruasse
919 549 1194 604 hominem
1220 553 1345 619 post
1366 553 1520 603 tanta
1543 549 1743 619 pericla

244 618 319 672 Et
344 619 582 677 clausum
607 620 824 689 liquisse
851 621 942 674 diu
967 621 1065 673 sub
1092 620 1238 673 clade
1264 620 1487 673 salutis?

234 689 379 743 *Non
403 691 543 743 male
568 691 789 759 peccaui
812 709 912 743 nec
937 709 1029 743 rex
1053 691 1220 743 iratus
1245 691 1428 759 inique
1455 693 1549 758 est,

251 758 354 813 Sed
378 761 520 814 mala
543 779 694 813 mens
719 760 953 814 hominis
990 779 1124 829 quae
1151 760 1342 813 detulit
1368 778 1458 813 ore
1483 760 1721 828 maligno

246 829 321 883 Et
345 832 481 883 male
507 831 774 900 suggessit
796 835 926 883 tunc
952 834 1006 883 et
1028 850 1150 883 mea
1174 831 1317 883 facta
1341 830 1603 900 grauauit.

150 909 232 950 130
255 900 483 954 Poscere
509 919 668 970 quem
692 902 906 954 ueniam
933 901 1124 969 decuit,
1151 901 1289 953 male
1315 902 1535 954 suscitat
1558 901 1664 952 iras

251 971 325 1023 Et
350 971 626 1024 dominum
650 988 937 1041 regemque
961 972 1112 1040 pium
1137 971 1341 1024 saeuire
1368 971 1559 1041 coegit.

252 1040 394 1094 Nam
421 1042 548 1094 deus
575 1043 915 1110 omnipotens
943 1042 1260 1111 compungit
1284 1042 1444 1094 corda
1467 1040 1702 1110 regentis

254 1109 478 1172 Quando
502 1112 651 1164 iubet
674 1113 875 1180 pietate
901 1131 995 1164 sua
1020 1113 1339 1180 ueniamque
1365 1112 1581 1164 relaxat.

253 1183 330 1234 At
354 1200 474 1235 cum
501 1183 634 1235 liber
660 1201 750 1234 ero
778 1183 994 1235 domino
1021 1183 1333 1252 ignoscente
1357 1182 1619 1248 reductUS,

154 1262 235 1302 135
259 1250 403 1305 Dum
429 1256 571 1305 tacet
596 1271 654 1305 os
679 1255 917 1305 uestrum
941 1271 1039 1306 nec
1064 1271 1164 1306 nos
1190 1271 1433 1306 sermone
1457 1251 1670 1318 iuuatiS‚

255 1321 494 1375 Nomina
518 1326 698 1375 uestra
721 1342 842 1376 reor
865 1324 1151 1392 praeconia
1175 1322 1325 1376 nulla
1348 1323 1656 1375 manebunt.

259 1391 363 1445 Sed
388 1411 456 1445 ne
481 1396 683 1445 maesta
708 1410 906 1446 canens
931 1393 1216 1446 concludat
1240 1411 1454 1446 carmen
1479 1391 1691 1458 amoriS‚
1770 1410 1820 1453 [p.
1843 1407 1899 1452 31]

258 1462 391 1516 Post
415 1463 545 1515 haec
571 1466 698 1516 uota
722 1482 915 1532 parens
942 1464 1069 1532 quid
1095 1464 1165 1516 sit
1188 1464 1396 1516 factura
1419 1462 1612 1529 Dione,

257 1531 557 1586 Murmuret
583 1552 640 1586 os
665 1534 910 1603 tacitum,
940 1534 1153 1588 Carales
1178 1551 1298 1586 cum
1324 1533 1559 1602 coeperit
1582 1532 1675 1584 iri:

154 1613 236 1652 140
261 1604 480 1656 Aeolias
504 1607 651 1672 petet
675 1604 770 1657 illa
795 1606 979 1657 domos
1006 1605 1214 1657 aditura
1237 1608 1528 1672 tyrannum

255 1672 332 1726 Ut.
357 1675 534 1726 frenet
559 1677 750 1727 uentos
777 1678 830 1727 et
856 1675 1066 1727 caerula
1089 1693 1356 1728 marmora
1381 1673 1580 1741 tendat,

253 1742 473 1797 Mollior
497 1763 626 1796 aura
649 1763 834 1798 means
867 1749 1079 1798 tantum
1104 1746 1247 1798 bona
1271 1745 1494 1797 fiumina
1516 1744 1712 1810 mittat,

264 1812 341 1866 Ut
364 1815 494 1866 ratis
519 1815 802 1867 incolumis
829 1814 1117 1868 Sardorum
1141 1816 1326 1868 littora
1347 1816 1551 1884 tangat.

264 1883 380 1936 Nec
406 1889 572 1954 negat
596 1885 727 1937 haec
768 1885 935 1937 Eolus
963 1885 1260 1937 Uenerisua
1284 1886 1402 1937 iura
1425 1883 1657 1953 roganti.

164 1964 244 2003 145
272 1953 460 2023 Cypris
485 1957 543 2006 in
572 1959 764 2007 ornatu
790 1956 1013 2008 ueniens
1038 1955 1175 2008 freta
1200 1955 1390 2024 glauca
1413 1957 1655 2024 uagatur,

269 2023 403 2077 Cum
428 2026 607 2095 pelagi
631 2025 899 2094 Nymphis
924 2026 1081 2078 ibunt
1105 2026 1342 2078 Tritonis
1368 2023 1571 2078 alumni

264 2094 554 2147 Nereidum
581 2100 861 2163 spumante
888 2095 1051 2149 choro
1077 2096 1378 2164 Phorcique
1404 2095 1623 2147 clientes

270 2164 511 2235 Gurgitis
537 2168 784 2234 aequorei
810 2167 981 2234 pisces
1007 2167 1262 2219 immania
1286 2170 1398 2218 cete

268 2234 341 2287 Et
366 2254 729 2305 quaecumque
756 2237 927 2288 latens
953 2240 1136 2306 surget
1161 2237 1223 2289 de
1250 2236 1498 2289 fluctibus
1522 2233 1643 2285 imis

166 2314 247 2354 150
272 2304 442 2357 Belua
466 2307 718 2358 terribilis
745 2325 975 2358 summas
1002 2308 1196 2377 gestire
1221 2325 1317 2376 per
1341 2306 1527 2371 undaS,

270 2374 419 2427 Inter
445 2395 574 2444 quas
603 2377 853 2445 delphine
881 2377 1067 2429 sedens
1095 2376 1317 2430 Galatea
1340 2375 1536 2428 minaci

271 2444 581 2514 Neptunum
611 2447 896 2515 perfundet
922 2448 1072 2515 aquis
1097 2452 1313 2500 rorante
1339 2447 1556 2511 fiuen'm,

268 2514 364 2567 1116
392 2521 552 2584 caput
576 2518 900 2585 barbamque
928 2518 1030 2569 ciet
1054 2518 1260 2570 ridente
1286 2517 1480 2569 Dione.

275 2658 354 2697 122
384 2661 564 2710 spatium
601 2673 681 2699 non
712 2662 913 2699 relic-tum.
963 2661 1175 2711 suppleuit
1204 2660 1364 2700 Buecle.
1483 2657 1563 2696 129
1600 2655 1701 2695 fata

163 2713 243 2752 132
275 2721 550 2767 ‹ompunget
581 2730 693 2756 corr.
718 2715 877 2755 Bueelz.
998 2718 1077 2756 137
1110 2728 1194 2755 nec
1316 2717 1395 2754 142
1427 2715 1591 2753 mictat
1690 2708 1770 2750 146

160 2767 376 2810 Tritones
407 2784 519 2810 corr.
554 2771 707 2811 Bueeh
849 2773 928 2811 148
961 2777 1092 2825 caete
1209 2773 1287 2811 149
1320 2773 1378 2810 At.
1422 2770 1429 2822 Ι
1474 2767 1623 2821 surgit
1651 2779 1766 2808 corr.

160 2821 319 2870 Bueclz.
447 2829 523 2867 150
563 2827 697 2867 Bella
827 2830 903 2868 151
946 2821 1108 2868 de'lfine
1256 2830 1334 2868 153
1375 2828 1465 2867 ciet
1503 2825 1628 2878 quasi
1674 2835 1771 2864 cor-

137 2891 188 2918 ru
210 2885 352 2932 ptelae
380 2884 499 2934 signo
530 2889 714 2924 notatum
