1940 3072
0 552 75 624 ⁴575

771 154 1129 206 -29,.

106 271 249 343 ignis
288 271 569 339 mundani,
609 290 729 325 cum
768 272 880 325 tela
919 275 1159 326 extrema
1198 275 1501 342 coquuntur

106 363 331 415 cumque
371 345 736 415 sagittiferi
774 349 945 399 torret
982 365 1154 414 uapor
1193 364 1385 400 aureus
1427 364 1597 399 arcus,

106 423 224 473 tum
263 437 475 489 quoque
516 419 563 472 si
600 420 810 488 piceam
850 421 1111 489 spectaris
1153 437 1371 490 surgere
1409 423 1650 488 noctem,

106 494 395 548 informem
432 495 621 546 taetris
660 494 911 547 tellurem
948 497 1011 546 ut
1047 495 1248 547 uestiat
1287 495 1412 563 alis,

108 569 237 621 litus
278 586 420 637 ama,
462 568 654 621 sollers
693 567 820 637 fuge
859 568 1072 622 caerula
1109 568 1352 638 tegmina
1389 569 1565 622 noctis

107 642 431 710 exitiumque
472 641 574 694 sali
612 642 890 711 rabidique
928 642 1166 710 pericula
1203 642 1358 711 ponti

107 715 380 783 anteueni,
418 715 527 768 iam
570 716 717 769 solve
757 734 963 769 memor
999 733 1143 786 uaga
1182 717 1406 770 carbasa
1445 716 1589 769 malo
1601 757 1615 785 ,

106 791 215 843 iam
254 790 585 858 prolixarum
623 790 800 843 iaceat
838 791 987 859 rigor
1029 793 1402 843 antennarum.

22 887 24 889 ·
107 865 308 917 mensis
348 867 404 916 at
440 864 666 916 infausti
705 864 792 916 uel
831 864 949 916 duri
990 865 1180 917 sideris
1219 864 1379 916 index

20 953 76 994 80

7 1322 78 1362 *85

25 1692 81 1732 90

111 938 354 1006 scorpius
395 938 640 991 exoriens
682 938 753 991 sit
791 941 1034 1008 tempore
1073 938 1251 991 noctis
1294 938 1525 991 adultae:

107 1012 196 1065 hic
235 1012 502 1065 matutino
542 1012 765 1064 ueniens
803 1013 990 1081 procul
1029 1030 1260 1082 aequore
1299 1013 1468 1064 telum

110 1085 280 1156 exigit
319 1104 347 1138 e
385 1087 602 1155 pelago,
642 1087 810 1139 telum
850 1086 1023 1138 trahit
1060 1087 1252 1138 ultima
1292 1085 1477 1139 cauda.

111 1162 395 1213 cunctatur
433 1160 592 1229 pigro
631 1162 757 1229 post
794 1163 1008 1230 tergum
1050 1160 1218 1217 sidere
1256 1160 1406 1219 iuxta

112 1235 454 1304 arquitenens
495 1234 682 1287 tardos
723 1237 776 1286 et
816 1234 1030 1304 gurgite
1069 1235 1265 1286 liberat
1304 1237 1468 1286 artus.

110 1312 227 1361 tum
267 1307 552 1376 Cynosura
591 1308 754 1360 etiam
793 1311 1037 1361 maturae
1076 1308 1135 1360 in
1172 1311 1415 1377 tempore
1454 1307 1631 1360 noctis

113 1382 271 1435 altius
310 1381 366 1433 in
406 1381 611 1434 borean
650 1383 975 1450 sustollitur,
1015 1381 1230 1434 abditur
1270 1384 1451 1433 autem

114 1455 284 1509 Orion
322 1455 579 1508 redeunte
620 1455 727 1524 die,
765 1459 880 1508 tum
921 1456 1143 1509 brachia
1184 1455 1432 1524 Cepheus

112 1531 497 1600 protentasque
536 1548 730 1582 manus
770 1530 1108 1599 mediamque
1147 1529 1491 1598 immergitur
1532 1528 1729 1581 aluum.

190 1603 332 1667 Quin
369 1607 569 1656 norunt
609 1604 769 1656 aliam
811 1623 1062 1673 superum
1104 1622 1343 1657 conuexa
1384 1603 1707 1672 sagittam.

115 1678 206 1729 sed
244 1681 430 1729 tamen
468 1677 601 1730 haec
642 1696 769 1730 arcu
807 1679 967 1731 tereti
1007 1681 1154 1731 caret
1192 1678 1362 1730 inscia
1400 1677 1574 1740 nerui,

113 1751 283 1804 inscia
322 1770 450 1804 nam
491 1751 693 1803 domini
733 1755 828 1804 est.
905 1753 1074 1804 telum
1114 1770 1274 1819 super
1314 1750 1534 1803 aduolat
1574 1751 1683 1802 ales
1696 1793 1709 1819 ,

116 1826 225 1878 ales
266 1825 405 1894 olor,
447 1825 539 1877 sed
580 1825 830 1878 Threicio
871 1826 1234 1878 conterminus
1276 1825 1363 1876 axi

115 1918 248 1952 cana
287 1900 571 1968 pruinosas
613 1899 851 1952 extendit
890 1900 1030 1952 colla
1070 1899 1168 1952 sub
1210 1901 1403 1952 arctos·

187 1973 487 2043 Armiger
524 1973 665 2026 hanc
706 1973 868 2025 etiam
909 1973 1087 2026 Iouis
1129 1973 1372 2040 aduolat,
1421 1972 1622 2024 arbiter
1661 1972 1803 2041 ignis

116 2047 359 2115 aetherii,
382 2047 492 2099 ‘sed
531 2048 774 2099 membra
813 2048 1002 2100 minor.
1079 2047 1265 2115 procul
1305 2047 1393 2098 hic
1431 2049 1612 2098 tamen
1654 2047 1765 2098 alto

114 2139 235 2174 cum
274 2121 415 2173 redit
455 2140 487 2173 a
523 2122 718 2193 pelago
761 2124 814 2173 et
852 2123 1035 2174 mouet
1074 2122 1132 2173 in
1172 2138 1413 2172 conuexa
1452 2121 1691 2172 uolatum

114 2194 221 2247 fine
259 2195 600 2247 tenebrarum
642 2213 987 2263 summaeque
1026 2194 1083 2246 in
1123 2195 1365 2264 margine
1404 2194 1581 2246 noctis
1592 2236 1606 2263 ,

116 2287 428 2338 spumosum
465 2270 574 2322 late
613 2287 759 2321 mare
802 2269 1032 2337 subruit3
1076 2268 1258 2321 omnia
1297 2268 1455 2336 caeli,

234 2419 324 2507 67ss
351 2414 449 2459 tela
473 2414 518 2457 A
549 2414 665 2458 itala
695 2414 770 2470 Vn
795 2415 1055 2470 coquuntur
1080 2414 1123 2456 A
1157 2413 1384 2469 coquntur
1418 2413 1460 2455 V
1528 2417 1613 2456 675
1646 2411 1807 2456 sollers

476 2484 499 2507 8

115 2517 227 2574 fuge
259 2518 385 2574 (fuge
418 2518 599 2573 sollers)
631 2518 676 2560 A
708 2517 896 2562 Grotius
927 2517 1035 2573 fuge
1070 2517 1214 2560 solers
1256 2516 1300 2558 V
1387 2520 1472 2560 677
1507 2514 1726 2559 anteueni
1767 2515 1811 2557 V

116 2576 238 2620 Ante
268 2576 378 2620 ueni
408 2578 454 2621 A
569 2581 654 2622 678
688 2579 995 2621 antennarum
1026 2576 1071 2619 A
1104 2577 1395 2619 amtenarum
1437 2574 1481 2616 V
1584 2577 1668 2618 683
1700 2576 1808 2630 post

116 2637 301 2691 tergum
339 2636 385 2679 A
424 2638 696 2694 postergum
746 2636 789 2678 V
814 2637 830 2691 ΙΙ
870 2636 1017 2679 sidere
1056 2635 1257 2678 Buhlius
1298 2634 1448 2677 sidera
1490 2633 1533 2675 V
1569 2632 1734 2687 sydera
1766 2635 1808 2676 A

120 2697 207 2738 684
237 2693 410 2738 liberat
440 2699 567 2739 artus
599 2709 624 2738 v
656 2695 805 2738 libera
837 2694 994 2738 tardus
1036 2693 1153 2736 VAe
1245 2696 1330 2736 688
1363 2706 1527 2735 manus
1552 2694 1597 2735 A
1630 2706 1739 2735 man
1773 2692 1815 2733 V

118 2767 163 2796 u.
197 2756 287 2798 689
327 2755 598 2798 inscribitur
630 2752 893 2798 SAGITTA
934 2753 1019 2795 VA
1153 2756 1239 2795 690
1278 2752 1411 2794 nerui
1441 2764 1467 2794 υ
1499 2750 1653 2794 neruis
1695 2750 1811 2794 VAe

118 2826 163 2856 u.
198 2815 288 2856 694
318 2813 588 2857 inscribitur
621 2812 852 2865 AQVILA
893 2811 978 2855 VA
1115 2815 1199 2855 696
1233 2824 1260 2854 a
1291 2810 1459 2867 pelago
1493 2824 1517 2853 v
1552 2823 1605 2853 ac
1637 2810 1806 2865 pelago

129 2870 245 2914 VAe
273 2872 289 2927 ΙΙ
321 2873 369 2914 et
399 2886 424 2915 v
457 2885 538 2916 om.
581 2871 705 2915 VAe
797 2876 880 2915 697
916 2883 1213 2925 summaeque
1246 2870 1290 2912 A
1323 2870 1447 2929 ssime
1481 2883 1598 2924 quae
1641 2869 1683 2911 V
