1940 3072
183 149 252 201 46
644 149 910 196 PHAEDRI
942 147 1313 195 FABVLAR-VM

775 287 1090 337 FABVLA
1124 288 1193 336 Π.

602 366 956 411 VLA'I'ORES
984 369 1075 410 ΕΤ
1103 367 1355 410 LATRO.

256 442 361 491 Duo
386 455 496 490 cum
520 440 815 490 incidissent
838 441 892 488 in
915 439 1157 488 latronem
1180 438 1379 497 militeS,

188 512 319 561 Vnus
346 511 586 576 profugit,
613 510 740 559 alter
765 515 928 558 autem
951 511 1139 559 restitit

187 582 250 631 Et
272 580 535 630 vindicavit
557 594 665 629 sese
689 579 807 629 forti
832 578 1049 628 dextera.

186 651 397 700 Latrone
422 651 585 699 occiso
609 649 812 699 timidus
837 650 1055 698 accurrit
1078 663 1243 698 comes

187 720 492 785 Stringitque
517 718 759 783 gladium,
786 718 901 768 dein
926 719 1111 767 reiecta
1134 718 1367 783 paenula:

186 790 342 847 Cedo,
368 791 551 854 inquit,
580 789 743 846 illum;
769 791 868 838 iam
900 787 1083 838 curabo
1107 790 1303 844 sentiat,

186 858 316 917 Quos
342 859 657 924 attemptarit.
707 858 869 916 Tunc,
896 859 982 923 qui
1008 858 1398 923 depugnaverat:

183 929 370 978 Vellem
392 930 500 979 istis
523 927 688 978 verbis
713 928 888 977 saltem
912 927 1183 977 adiuvisses
1207 927 1376 983 modo;

187 999 496 1049 Constantior
519 999 725 1047 fuissem
748 1013 864 1047 vera
890 999 1189 1048 existimans

187 1068 327 1118 Nunc
351 1069 504 1118 conde
529 1068 718 1117 ferrum
743 1074 791 1116 et
814 1068 1035 1130 linguam
1057 1068 1247 1132 pariter
1271 1067 1477 1124 futilem,

185 1137 245 1187 Vt
268 1140 430 1202 possis
454 1137 575 1187 alios
599 1138 885 1201 ignorantes
907 1137 1098 1186 fallere.

185 1207 312 1271 Ego,
340 1209 426 1273 qui
450 1222 560 1256 sum
584 1213 839 1271 expertus,
868 1208 1062 1271 quantis
1086 1206 1248 1269 fugias
1271 1205 1476 1262 virihuS,

187 1277 324 1334 Seio,
351 1292 497 1342 quam
520 1277 692 1326 virtuti
715 1291 814 1325 non
841 1277 904 1324 sit
928 1276 1228 1325 credendum
1253 1280 1384 1324 tuae.

254 1346 332 1396 Illi
357 1347 605 1409 adsignari
631 1345 777 1395 debet
801 1345 923 1395 haec
947 1348 1180 1402 narrati0‚

186 1414 280 1473 Qui
303 1431 359 1465 re
385 1415 598 1466 secunda
622 1416 766 1464 fortis
792 1421 891 1471 est,
911 1412 1069 1465 'dubia
1094 1416 1255 1478 fugax.

755 1527 1072 1576 FABVLA
1113 1527 1207 1575 HI.

597 1607 902 1650 GALVVS
946 1608 1046 1649 ET
1089 1609 1370 1652 MVSCA.

256 1679 389 1730 Calvi
413 1678 678 1727 momordit
703 1694 867 1728 musca
892 1679 1128 1728 nudatum
1154 1685 1325 1744 caput;

188 1749 343 1807 Quam
369 1750 648 1814 opprimere
675 1754 875 1813 captans
901 1748 1086 1812 alapam
1112 1747 1209 1798 sibi
1235 1749 1374 1798 duxit
1398 1762 1608 1811 gravem.

188 1818 327 1868 Tunc
352 1818 435 1867 illa
460 1818 708 1867 inridens:
758 1817 999 1867 Punctum
1024 1818 1234 1867 volucris
1258 1818 1488 1883 parvulae

186 1888 396 1937 Voluisti
422 1893 580 1937 morte
605 1887 806 1944 ulcisci;
834 1887 952 1952 quid
977 1888 1129 1938 facies
1152 1887 1261 1946 tibi,

187 1958 403 2007 Iniuriae
429 1959 514 2022 qui
540 1956 788 2006 addideris
814 1958 1189 2007 contumeliam?

188 2027 481 2092 Respondit:
531 2026 721 2075 Mecum
746 2027 892 2076 facile
918 2027 1067 2076 redeo
1092 2029 1144 2076 in
1170 2029 1389 2090 gratiam,

188 2096 311 2153 Quia
336 2112 433 2145 non
460 2097 613 2144 fuisse
639 2102 854 2145 mentem
879 2096 1105 2146 laedendi
1132 2097 1250 2145 scio.

189 2167 286 2215 Sed
313 2172 385 2222 te,
414 2167 682 2229 contempti
709 2167 906 2228 generis
933 2166 1114 2215 animal
1140 2166 1419 2231 inprobum,

189 2234 322 2292 Quae
349 2233 607 2284 delectaris
633 2234 807 2283 bibere
834 2235 1101 2285 humanum
1128 2237 1431 2299 sanguinem,

188 2305 363 2369 Optem
386 2318 564 2353 necare
590 2304 665 2352 vel
690 2306 876 2353 maiore
902 2306 1225 2354 incommodo.

258 2374 359 2423 Hoc
385 2379 726 2437 argumentum
751 2376 893 2422 venia
920 2374 1091 2423 donari
1121 2375 1274 2431 docet,

189 2443 279 2499 Qui
306 2459 419 2493 casu
445 2449 630 2508 peccat.
682 2442 804 2492 Nam
831 2445 915 2507 qui
941 2444 1146 2492 consilio
1174 2451 1247 2492 est
1273 2459 1469 2501 nocenS,

188 2513 326 2561 Illum
355 2527 462 2562 esse
489 2513 658 2577 quavis
684 2512 885 2575 dignum
911 2529 1067 2577 poena
1092 2513 1274 2562 iudico.

758 2626 797 2671 F
810 2625 855 2672 A
866 2625 907 2671 B
919 2625 966 2671 V
976 2625 1016 2673 L
1028 2626 1075 2673 A
1118 2625 1207 2673 IV.

570 2705 823 2746 ASINVS
853 2706 944 2746 ET
973 2705 1397 2748 PORCELLVS.

260 2774 466 2831 Quidam
492 2776 774 2824 inmolasset
799 2791 993 2824 verrem
1020 2793 1130 2826 cum
1156 2783 1322 2826 sancto
1348 2775 1567 2839 Herculi,

193 2844 279 2894 Cui
305 2859 394 2907 pro
423 2844 576 2894 salute
592 2851 755 2894 votum
783 2845 994 2895 debebat
1020 2862 1122 2905 sua,

1723 1070 1781 1113 10

1723 1419 1778 1462 15

1726 2310 1781 2353 10
