1940 3072
79 1070 130 1112 [P·
152 1071 205 1114 3⁷]

1011 50 1013 53 ⁴
1372 53 1386 58 ,γ
1476 55 1486 58 ,,
1501 50 1536 62 »Αἱ
1571 56 1574 57 ⁷
1653 45 1659 50 ·
1678 44 1739 67 >3⁷st

224 143 295 200 30
790 148 1273 191 EPITHALAMIUM

329 260 412 326 Atv
428 273 646 326 uolucer
670 272 895 325 Ueneris
921 272 1153 326 uolitans
1177 291 1336 342 super
1360 258 1592 342 aequora
1617 242 1799 343 pinnis
1920 287 1924 314 ῑ

227 354 306 393 155
329 343 444 396 Iam
469 360 724 412 spargens
743 344 841 395 sub
866 342 1052 395 fraude
1067 362 1213 423 rosas
1238 348 1428 424 tamen·
1442 345 1567 413 igne
1592 345 1815 424 sagittas
1835 342 1857 383 Ῑ
1882 404 1883 407 ¹
1911 399 1917 403 ,

330 413 550 465 Mandat
574 413 641 465 ad
665 431 956 482 aequoreos
982 417 1202 468 comites
1228 417 1282 467 et
1305 413 1500 484 friglda
1523 417 1677 483 pont1
1830 430 1854 432 ⁷*

329 485 582 552 Aequora
601 483 839 536 flammat
857 487 1026 552 atrox,
1040 485 1302 537 elementa
1320 488 1380 537 ut
1397 488 1525 537 uota
1537 485 1820 538 celebrent.
1891 450 1930 538 νίζ’

329 553 476 605 Haec
502 554 693 606 dixisse
721 558 930 607 sat‘est:
957 555 1048 606 sed
1075 555 1165 623 qui
1191 555 1348 608 modo
1373 555 1487 607 iure
1511 558 1764 624 tacemuS,

332 622 526 676 Omnia
550 624 827 677 reddemus
854 624 1174 693 quandoque
1199 626 1483 693 nepotibus
1509 626 1678 678 almis.

759 751 772 765 r
796 697 927 765 Exp.
952 696 1365 765 Epithalamium

925 770 1139 824 Ioannis
1171 772 1226 824 et

962 844 1191 898 Uitulae.

501 1057 645 1112 VIII.
700 1059 977 1113 Dracontii
1001 1073 1130 1127 opus
1155 1058 1217 1114 de
1239 1060 1401 1126 raptu
1423 1058 1662 1112 Helenae.

331 1185 554 1238 Troiani
578 1187 861 1255 praedonis
887 1187 988 1239 iter
1011 1191 1327 1255 raptumque
1353 1186 1627 1238 Lacaenae

330 1255 404 1309 Et
426 1258 695 1325 pastorale
719 1257 962 1309 scelerati
987 1258 1218 1325 pectoris
1245 1275 1436 1309 ausum

331 1328 632 1396 Aggrediar
655 1328 873 1380 meliore
900 1329 1002 1379 uia.
1053 1346 1180 1379 nam
1204 1327 1476 1395 prodimus
1502 1328 1711 1380 hostem

331 1397 574 1466 Hospitis
602 1402 655 1451 et
678 1398 900 1449 thalami
927 1398 1275 1465 populantem
1300 1398 1419 1449 iura
1443 1398 1623 1449 mariti
1645 1456 1650 1458 ,

284 1477 309 1516 5
335 1467 573 1520 Foedera
598 1468 835 1537 coniugii
861 1469 1130 1520 consortia
1154 1467 1348 1520 blanda
1373 1467 1592 1535 pudoris

333 1537 611 1590 Materiem
637 1539 846 1608 generis
873 1538 1071 1590 sobolis
1098 1556 1246 1606 spem
1269 1538 1498 1607 pignora
1521 1538 1713 1606 prolis:

332 1607 476 1661 Nam
500 1612 675 1661 totum
702 1608 765 1660 de
790 1612 960 1660 matre
986 1609 1149 1676 uenit,
1179 1608 1241 1660 de
1267 1612 1436 1660 matre
1463 1611 1673 1660 creatur

335 1677 452 1739 Quo
478 1680 805 1731 membratur
829 1681 1007 1747 homo,
1027 1682 1179 1747 pater
1194 1681 1274 1731 est
1298 1679 1421 1730 fons
1450 1681 1635 1730 auctor
1661 1678 1829 1748 origO,

335 1747 438 1801 Sed
462 1749 600 1800 nihil
626 1752 704 1801 est
727 1751 840 1802 sine
864 1752 1031 1801 matre
1057 1752 1221 1817 pater.
1269 1752 1433 1817 quot-a
1457 1748 1633 1816 portio
1660 1749 1830 1816 patris

254 1828 306 1867 10
337 1818 523 1871 Omnis
550 1823 759 1872 constat
783 1820 972 1871 homo:
999 1823 1168 1872 mater
1191 1820 1252 1871 fit
1277 1823 1392 1871 tota
1417 1835 1673 1887 propage.

332 1889 480 1958 Ergo
506 1890 656 1942 nefas
683 1889 889 1942 Paridis
916 1891 1059 1958 quod
1083 1892 1265 1957 raptor
1290 1890 1456 1959 gessit
1482 1889 1688 1940 adulter

333 1959 410 2012 Ut
434 1961 669 2012 monitus
695 1978 910 2012 narrare
938 1978 1150 2028 queam,
1176 1963 1236 2012 tu
1261 1959 1477 2028 grandis
1503 1958 1734 2011 Homere

334 2030 522 2082 Mollia
547 2030 837 2082 blandifluo
865 2030 1123 2082 defundas
1149 2030 1313 2081 uerba
1338 2030 1535 2097 palatO.

334 2099 583 2168 Quisquis
609 2101 665 2152 in
692 2101 870 2153 Aonio
899 2100 1169 2152 descendit
1193 2099 1343 2151 fonte
1369 2102 1529 2167 poeta

255 2179 306 2216 15
339 2170 413 2220 Te
439 2189 638 2222 numen
664 2171 782 2222 uult
808 2189 919 2222 esse
946 2188 1124 2238 suum,
1151 2188 1250 2222 nec
1276 2169 1391 2221 dico
1421 2168 1684 2221 Camenae

334 2239 408 2291 Te
437 2244 714 2307 praesente
752 2241 950 2292 ‘ueni’.
1003 2243 1085 2292 sat
1111 2240 1211 2291 erit
1234 2240 1367 2291 mihi
1393 2257 1578 2291 sensus
1603 2238 1824 2290 Homeri

336 2308 439 2371 Qui
463 2314 587 2378 post
610 2310 723 2362 fata
748 2311 910 2379 uiget,
940 2311 1031 2378 qui
1058 2310 1208 2362 duxit
1233 2310 1300 2361 ad
1326 2328 1471 2362 arma
1495 2309 1747 2378 Pelasgos

342 2444 540 2478 secuntur
582 2452 743 2479 uacuae
785 2440 969 2491 paqinae
1009 2441 1212 2492 quinque,
1259 2440 1412 2478 deinde
1448 2442 1600 2489 raptas
1638 2437 1832 2477 Helenae

226 2507 272 2545 p.
307 2495 488 2536 37—64
517 2496 600 2536 alio
639 2508 690 2534 ac
728 2499 858 2548 magis
897 2497 1016 2547 nigro
1055 2501 1289 2535 atramento
1328 2495 1502 2534 chartae
1539 2494 1669 2533 minus
1707 2493 1831 2532 albae

228 2551 459 2602 inscriptus
484 2552 565 2591 sed
593 2553 737 2591 eadem
767 2557 811 2590 ut
841 2552 1009 2591 uidetur
1039 2565 1158 2590 manu
1274 2551 1435 2590 Literz‘s
1464 2550 1491 2589 l
1501 2550 1551 2589 M
1580 2562 1653 2589 eas
1683 2550 1828 2588 notaui

229 2607 494 2645 coniecturas
530 2609 637 2647 seila
676 2609 826 2660 dz'ynas
865 2620 969 2659 quas
1007 2607 1218 2646 adhibitas
1247 2608 1365 2646 uides
1394 2608 1437 2645 in
1467 2607 1649 2645 edicione
1678 2610 1831 2656 raptus

230 2661 422 2701 Helenae
444 2662 632 2702 Romana
661 2676 799 2702 omnes
826 2664 921 2713 fere
944 2663 1250 2713 Iannellz‘anas,
1282 2664 1343 2702 eis
1371 2675 1473 2702 uero
1496 2674 1600 2713 quas
1629 2662 1672 2700 in
1702 2661 1832 2700 musei

228 2716 407 2756 rhenani
434 2720 637 2758 uolumine
668 2717 843 2760 XXVII
871 2734 914 2771 p.
944 2719 1026 2759 477
1058 2719 1293 2758 Buecheler
1330 2719 1555 2769 proposuit
1583 2715 1829 2756 lectionibus
1908 2744 1910 2747 -

229 2774 377 2812 liceras
407 2775 546 2814 adieci
573 2789 623 2817 m.
647 2776 709 2814 rh.
829 2777 908 2816 158
941 2787 1057 2827 quae
1087 2775 1310 2827 proposuit
1339 2770 1506 2813 Bueclz}
1614 2774 1635 2811 1
1669 2771 1830 2811 laneae

287 2829 313 2867 8
346 2829 472 2878 Quod
599 2832 650 2871 12
688 2834 732 2871 te
772 2843 884 2871 corr.
916 2831 1008 2870 IM
1128 2832 1179 2870 13
1218 2830 1408 2870 delimas
1445 2830 1566 2869 cedet
1604 2827 1831 2867 defundes

230 2887 397 2925 inuento
429 2888 592 2926 meliori
