1986 3060
472 133 552 178 DE
577 133 847 178 PHAEDRI
868 133 1015 180 VITA
1038 134 1117 179 ΕΤ
1141 133 1419 180 SCRIPTIS.
1688 143 1752 181 Ix

144 258 256 308 bum
291 263 527 316 exeunte,
576 260 719 308 cuius
759 260 870 308 vitii
913 259 1128 324 plurima
1164 259 1388 325 exempla
1418 258 1643 308 Phaedro
1678 261 1750 308 in-

145 327 303 377 tulere
337 328 486 378 docti.
844 365 846 367 -

95 456 98 458 ,
248 399 579 464 Anapaestum
614 399 800 465 ubique
845 416 937 466 pro
975 400 1193 466 spondeo
1230 402 1347 466 poni
1394 401 1469 450 fas
1506 406 1604 457 est,
1658 415 1750 464 qua

144 475 311 519 tamen
343 475 545 534 praeter
576 472 794 535 primum
829 477 879 519 et
914 471 1141 535 quintum
1175 471 1338 520 locum
1371 486 1473 520 non
1507 472 1575 519 ita
1606 485 1751 535 saepe

143 541 302 590 utitur
336 541 552 604 scriptor
586 542 754 598 venia,
792 556 886 590 nec
920 555 1037 590 vero
1074 556 1307 606 umquam
1344 540 1405 590 ab
1442 540 1615 589 eodem
1646 539 1753 588 hini

144 610 498 659 continuantur
530 610 684 676 pedes
717 611 978 660 eiusmodi.
1051 610 1255 676 Dactylo
1281 613 1335 660 in
1359 612 1520 676 prima
1553 612 1751 675 potissi-

145 694 281 729 mum
314 682 560 746 tertiaque
593 687 643 730 et
667 687 843 746 quarta
868 681 986 731 sede
1010 681 1150 730 locus
1175 686 1267 730 est.
1341 681 1753 730 Proceleusmati-

146 765 235 800 cus
259 755 453 800 tantum
476 753 621 801 initio
648 753 834 801 senarii
860 750 1142 800 adhibetur.
1193 751 1461 801 Praeterea
1484 751 1756 800 notandum

146 821 274 870 arsis
300 821 560 871 solvendae
584 836 774 871 morem
800 823 894 871 etsi
921 823 1042 871 satis
1077 822 1417 886 frequentem,
1452 828 1620 871 tamen
1645 821 1754 886 plu-

146 892 331 940 rimum
354 892 408 940 in
432 890 686 941 vocabulis
708 891 821 957 plus
846 907 993 958 quam
1021 891 1275 957 disyllabis
1300 893 1536 941 inveniri.
1581 891 1654 940 Ex
1681 893 1755 940 eis

146 961 462 1026 excipiuntur
495 963 871 1012 tribrachorum
912 962 989 1011 vel
1032 964 1086 1011 in
1122 961 1432 1013 tribrachum
1468 963 1756 1012 exeuntium

136 1036 319 1095 partes
340 1033 660 1094 paenultima
684 1038 734 1082 et
757 1034 959 1094 ultima,
1002 1034 1055 1081 in
1089 1048 1236 1098 quam
1274 1033 1482 1082 solutam
1508 1035 1648 1082 arsin
1675 1046 1754 1080 ca-

147 1101 266 1151 dere
286 1101 441 1151 nefas.
469 1102 557 1152 Est
573 1102 661 1152 ubi
687 1104 740 1152 in
767 1102 1025 1168 disyllabis
1050 1103 1339 1153 admittatur
1364 1103 1564 1159 eadem;
1591 1103 1754 1152 rarius

147 1171 305 1221 multo
332 1174 498 1221 evenit
531 1178 587 1221 ut
621 1172 957 1238 monosyllabo
993 1179 1231 1237 sequente
1266 1174 1377 1239 plus
1408 1188 1556 1238 quam
1582 1187 1752 1221 mono-

148 1241 335 1307 syllabo
361 1243 672 1292 contineatur
699 1245 848 1299 arsiS,
886 1249 941 1291 ut
965 1248 1083 1307 puta
1109 1245 1181 1292 sic

329 1312 655 1362 calumniator
683 1312 744 1361 ab
770 1327 859 1361 ove
886 1327 999 1361 cum
1023 1318 1220 1377 peteret
1244 1316 1397 1363 canis,

326 1387 375 1431 et
398 1384 563 1447 rapiet
587 1382 648 1432 ad
674 1398 726 1431 se
752 1382 883 1447 quod
910 1384 1007 1431 erit
1032 1397 1290 1432 commune
1323 1385 1561 1432 omnium.

149 1452 414 1503 Praeterea
447 1452 685 1503 notabilis
726 1453 813 1502 sed
846 1452 1069 1517 legitima
1113 1455 1255 1503 venia
1293 1460 1429 1503 tutus
1469 1452 1757 1519 appendicis

151 1538 326 1573 versus
355 1520 471 1588 [10‚
503 1520 593 1589 10]
621 1523 734 1572 hic:

326 1608 427 1643 non
451 1599 507 1643 ut
530 1593 730 1644 labores
753 1595 908 1651 facio,
944 1595 1036 1644 sed
1056 1599 1112 1643 ut
1136 1595 1287 1644 istum
1315 1595 1509 1653 domes;

328 1665 427 1713 nisi
456 1666 623 1729 potius
647 1664 927 1715 scribemus
952 1665 1069 1714 ‘sed
1094 1666 1167 1713 uti
1195 1668 1373 1714 stum'.

150 1733 323 1792 Quinti
347 1734 490 1798 pedis
516 1737 650 1785 arsin
668 1750 768 1785 non
792 1735 911 1784 licet
936 1735 1057 1784 solvi
1082 1736 1181 1784 nisi
1207 1734 1443 1783 vocabulo
1469 1735 1579 1799 plus
1612 1749 1757 1798 quam

152 1803 408 1869 trisyllabo
443 1804 700 1854 claudente
735 1810 974 1862 metrum,
1021 1820 1047 1854 a
1083 1820 1179 1870 qua
1212 1819 1385 1853 norma
1420 1806 1499 1853 vix
1535 1810 1649 1853 sunt
1686 1804 1758 1852 di-

152 1889 294 1924 versa
318 1874 442 1923 haec
471 1872 550 1939 [V,
579 1872 636 1932 7,
662 1871 749 1923 22.
788 1890 899 1939 app.
928 1872 985 1931 9,
1013 1872 1071 1939 6]

329 1943 530 2009 quidam
555 1946 608 1994 in
634 1951 952 2009 conspectum
978 1944 1294 2009 proditurum
1321 1945 1427 1993 sine
1454 1958 1607 1993 mora.

330 2015 591 2079 respondit
615 2015 723 2065 illa:
759 2015 997 2080 quicquid
1024 2014 1224 2063 dederis
1250 2015 1370 2063 satis
1396 2014 1507 2063 erit.

153 2085 302 2135 Arsin
336 2084 503 2134 diduci
535 2090 768 2147 sequente
807 2090 1087 2148 anapaesto
1121 2084 1198 2133 vel
1222 2085 1480 2134 tribracho
1514 2099 1612 2133 non
1647 2099 1759 2148 per-

156 2157 390 2205 mittitur.
472 2155 739 2221 Anapaesti
781 2155 946 2205 thesin
991 2154 1227 2204 vocabulo
1268 2157 1431 2203 minus
1473 2168 1622 2216 quam
1671 2155 1760 2202 tri-

153 2226 350 2290 syllabo
393 2227 639 2275 contineri
686 2241 786 2275 non
827 2226 945 2275 licet
987 2231 1188 2290 praeter
1234 2227 1453 2289 primum
1489 2224 1667 2289 pedem
1714 2229 1764 2272 et

156 2295 420 2416 {lgquagdo
464 2297 691 2361 quintum
735 2294 852 2361 [III,
895 2292 983 2353 10,
1019 2293 1070 2344 4.
1148 2292 1237 2351 14,
1279 2293 1360 2344 11.
1430 2310 1541 2359 app.
1582 2290 1673 2350 19,
1710 2290 1760 2342 3.

262 2436 528 2487 Praeterea
562 2437 853 2487 observatur
888 2452 949 2486 ne
985 2452 1218 2502 umquam
1262 2451 1352 2500 pes
1396 2434 1642 2484 secundus
1685 2433 1763 2482 vel

158 2508 336 2556 tertius
380 2509 483 2557 sive
527 2514 732 2572 quartus
766 2509 1078 2556 contineatur
1116 2505 1351 2554 vocabulo
1386 2507 1439 2553 in
1475 2504 1761 2568 spondeum,

159 2583 501 2642 anapaestum,
538 2577 785 2643 dactylum
819 2583 1045 2626 exeunte.
1110 2575 1244 2625 Nulli
1270 2577 1428 2638 igitur
1453 2589 1625 2623 versus
1650 2579 1764 2623 sunt

159 2651 216 2696 ut
248 2654 365 2713 puta
399 2647 553 2697 tales:

335 2718 611 2779 recusavit,
639 2717 769 2783 quod
796 2716 989 2767 clausae
1017 2722 1158 2766 erant
1183 2715 1421 2765 stomachi
1448 2716 1572 2764 viae.

337 2795 389 2837 et
410 2789 639 2852 protinus
664 2789 905 2838 auxilium
930 2794 1105 2852 petens
1131 2800 1277 2835 anser
1303 2785 1469 2835 simul.

337 2856 449 2907 cibo
474 2857 767 2924 impleretur
793 2860 1044 2909 servitium
1070 2862 1384 2921 negaverant.
