1940 3072
250 129 290 183 6
720 129 987 176 PHAEDRI
1020 128 1392 175 FABVLARVM

254 255 391 315 Quae
417 256 533 307 dum
558 261 792 322 paventes
818 255 978 303 exitus
1003 260 1145 303 notos
1167 259 1357 319 petunt,

254 327 436 377 Leonis
461 325 762 390 adfliguntur
786 322 1038 373 horrendo
1064 325 1253 388 inpetu.

252 395 349 454 Qui
374 402 634 462 postquam
659 394 808 445 caede
834 394 998 443 fessus
1025 399 1127 451 est,
1157 395 1349 443 asinum
1375 399 1543 443 evocat

254 465 491 531 Iubetque
516 479 685 514 vocem
711 478 956 529 premere.
1008 462 1147 513 Tunc
1172 463 1258 513 ille
1285 463 1528 514 insolens:

250 535 420 593 Qualis
442 535 636 585 videtur
661 549 812 600 opera
837 533 932 583 tibi
955 534 1092 582 vocis
1115 533 1286 583 meae?

252 605 495 669 Insignis,
522 606 709 670 inquit,
737 606 809 654 sic
834 611 911 660 ut,
939 605 1036 653 nisi
1062 618 1257 653 nossem
1282 608 1421 653 tuum

252 676 481 726 Animum
506 689 785 740 genusque,
814 673 966 723 simili
990 674 1231 736 fugissem
1257 680 1409 724 metu.

822 799 1138 876 FABVLA
1173 800 1285 848 ΧΠ.

678 882 954 924 GERVVS
983 882 1079 923 AD
1108 881 1417 924 FONTEM.

318 953 553 1003 Laudatis
578 952 804 1010 utiliora,
833 968 958 1018 quae
983 955 1354 1018 contempseris,

251 1022 407 1088 Saepe
433 1023 645 1072 inveniri
669 1023 794 1073 haec
821 1024 997 1073 asserit
1020 1024 1255 1073 narratio.

319 1093 392 1142 Ad
415 1094 604 1143 fontem
629 1106 828 1150 cervus,
854 1107 967 1142 cum
991 1091 1227 1150 bibisset,
1254 1093 1442 1143 restitit

248 1163 310 1212 Et
334 1165 387 1212 in
412 1162 606 1228 liquore
630 1163 755 1212 vidit
780 1163 995 1226 effigiem
1019 1177 1175 1212 suam.

246 1232 324 1282 Ibi
351 1232 467 1283 dum
491 1247 686 1283 ramosa
709 1234 893 1283 mirans
917 1232 1086 1282 laudat
1110 1247 1292 1282 cornua

248 1303 558 1368 Crurumque
583 1304 787 1352 nimiam
813 1305 1107 1353 tenuitatem
1131 1303 1391 1367 vituperat,

245 1371 521 1422 Venantum
545 1372 710 1422 subito
734 1372 938 1422 vocibus
963 1374 1262 1422 conterritus

244 1442 342 1492 Per
367 1456 594 1507 campum
619 1444 793 1506 fugere
819 1444 983 1508 coepit
1008 1449 1057 1492 et
1082 1457 1229 1492 cursu
1253 1443 1348 1492 levi

245 1512 402 1563 Canes
427 1511 592 1562 elusit.
644 1512 774 1562 Silva
800 1519 905 1563 tum
930 1515 1125 1578 excepit
1148 1514 1325 1571 ferum,

243 1581 301 1632 In
327 1597 423 1647 qua
447 1583 655 1632 retentis
681 1582 931 1648 inpeditus
956 1582 1191 1633 cornibus

243 1651 476 1702 Lacerari
501 1655 666 1718 coepit
689 1652 936 1703 morsibus
963 1655 1122 1703 saevis
1149 1668 1340 1704 canum.

243 1721 384 1772 Tunc
408 1724 629 1772 moriens
651 1738 821 1773 vocem
845 1723 972 1773 hanc
999 1724 1213 1773 edidisse
1240 1724 1447 1774 dicitur:

244 1791 284 1842 Ο
312 1806 388 1841 me
414 1792 691 1843 infelicem!
727 1796 813 1858 qui
839 1807 969 1843 nunc
996 1794 1192 1843 demum
1217 1795 1467 1859 intellego,

242 1860 393 1911 Utilia
417 1862 541 1911 mihi
567 1877 713 1928 quam
737 1864 948 1920 fuerint,
977 1878 1102 1928 quae
1130 1863 1466 1929 despexeram,

241 1930 316 1988 Et,
345 1946 471 1997 quae
495 1932 774 1991 laudaram,
802 1940 1040 1999 quantum
1063 1933 1223 1983 luctus
1248 1933 1529 1984 habuerint.

794 2057 835 2106 F
847 2058 895 2106 A
905 2058 946 2106 B
960 2059 1006 2106 V
1017 2058 1058 2107 L
1071 2059 1118 2107 A
1154 2059 1290 2107 XIII.

679 2137 956 2179 VVLPES
985 2139 1077 2181 ET
1106 2139 1398 2182 CORVVS.

309 2209 404 2266 Qui
430 2224 483 2259 se
508 2207 700 2259 laudari
725 2209 906 2272 gaudet
931 2209 1096 2259 verbis
1124 2210 1358 2267 subdolis,

240 2279 360 2329 Sera
387 2279 471 2328 dat
493 2293 677 2344 poenas
703 2284 874 2343 turpes
898 2281 1220 2344 poenitentia.

310 2350 431 2400 Cum
456 2348 516 2398 de
541 2349 758 2398 fenestra
783 2363 958 2398 corvus
985 2356 1181 2414 raptum
1206 2365 1403 2400 caseum

238 2419 467 2468 Comesse
494 2418 662 2475 vellet,
692 2418 821 2468 celsa
846 2418 1071 2468 residens
1097 2418 1289 2477 arbore,

237 2488 419 2553 Vulpes
443 2488 575 2537 hunc
599 2488 748 2545 vidit,
778 2488 955 2537 deinde
983 2489 1054 2537 sic
1080 2491 1242 2555 coepit
1268 2490 1427 2555 loqui:

238 2557 277 2606 Ο
305 2559 389 2622 qui
414 2565 633 2614 tuarum,
662 2572 829 2615 corve,
858 2573 1131 2623 pennarum
1158 2566 1233 2609 est
1258 2560 1415 2609 nitor!

234 2625 483 2683 Quantum
508 2628 705 2677 decoris
732 2643 938 2693 corpore
965 2634 1015 2677 et
1039 2627 1174 2678 vultu
1199 2630 1355 2692 geris!

238 2695 291 2744 Si
317 2710 485 2745 vocem
509 2696 744 2755 haberes,
772 2698 903 2747 nulla
928 2699 1066 2762 prior
1092 2698 1191 2748 ales
1217 2699 1361 2749 foret.

238 2765 298 2814 At
322 2765 405 2814 ille
431 2765 630 2823 stultus,
659 2767 774 2817 dum
798 2767 901 2817 vult
924 2781 1093 2817 vocem
1119 2768 1396 2826 ostendere,

238 2833 415 2886 Emisit
440 2850 524 2885 ore
551 2851 771 2895 caseum,
799 2851 947 2903 quem
973 2837 1206 2887 celeriter

1800 328 1854 371 lo

1802 678 1853 721 15

1794 1591 1846 1632 10

1788 1941 1839 1983 15

1782 2843 1834 2884 10
