1940 3072
759 171 803 213 X
834 173 1059 214 366—428
1135 141 1138 144 Δ
1386 182 1394 188 ·
1645 166 1714 223 73

215 296 300 350 Ac
323 298 714 349 nocturnorum
736 295 933 365 triplex
958 295 1148 365 regina
1173 295 1424 365 polorum

214 366 397 446 Atque
421 366 764 419 tenebrarum
789 366 1074 435 splendens
1098 369 1335 435 patrona.
1351 382 1618 434 mearum,

106 446 192 488 400
213 434 315 490 0111
339 453 528 490 cancer
551 435 740 489 domus
766 441 840 490 est
863 454 958 489 ora
983 436 1276 489 clarissima
1298 434 1510 504 mundi,

148 544 154 547 —
214 505 447 562 Brachia
471 509 832 575 contorquens
858 506 1026 560 stellis
1053 525 1189 575 quae
1217 524 1399 559 mense
1424 522 1678 576 peragras

134 595 141 598 ·
215 575 371 638 Quod
394 576 647 630 Phoebus
672 576 885 629 radians
909 580 1026 630 toto
1051 577 1144 630 uix
1170 577 1400 646 explicat
1428 594 1599 644 anno,

214 645 469 716 Corporis
495 649 550 700 et
574 646 847 700 dominam
871 666 1034 700 uerax
1059 665 1219 716 quam
1243 646 1652 715 turbafatetur,

215 716 298 769 Tu
321 734 602 770 nemorum
626 720 803 770 custos
827 720 888 769 tu
913 736 1056 770 mors
1075 717 1302 786 pinnata
1325 717 1562 769 ferarum
1573 757 1588 785 ,

107 796 193 838 405
213 785 386 840 Ursus
413 805 600 840 ceruus
625 806 754 856 aper
776 788 1068 856 pantherae
1096 787 1308 839 damma
1331 787 1515 839 leones

211 855 372 910 Retia
394 875 516 910 cum
539 858 769 910 ueniunt
792 861 887 910 aut
910 875 1031 910 cum
1057 857 1324 910 uenabula
1346 857 1565 909 uibrant

213 929 360 980 Ante
383 930 570 980 necem
593 931 688 980 tua
710 928 908 996 praeda
932 928 1134 980 iacent:
1169 930 1223 979 te
1247 927 1439 979 tertius
1463 926 1618 979 heres

216 997 542 1067 Participem
566 998 722 1068 regni
748 1001 1050 1050 consortem
1076 998 1207 1050 iuris
1234 997 1401 1050 amari

217 1066 441 1136 Optauit
465 1068 829 1136 mundumque
857 1068 1002 1121 dedit
1024 1068 1125 1120 tibi
1150 1067 1292 1120 dona
1315 1066 1631 1135 secundum,

105 1147 194 1188 410
212 1136 323 1191 Sub
348 1141 443 1192 tua
466 1139 719 1191 terribilis
745 1139 1028 1207 rapiuntur
1053 1141 1262 1206 sceptra
1284 1137 1527 1206 tyranni,

213 1207 382 1261 Diues
407 1227 612 1278 pauper
635 1209 794 1277 inops
819 1212 1003 1277 raptor
1026 1209 1202 1277 pirata
1226 1208 1471 1260 sacerdos

215 1278 529 1331 Aduenient
554 1279 651 1331 sub
677 1279 798 1348 lege
822 1279 965 1347 pari,
991 1297 1103 1332 non
1130 1282 1270 1331 sorte
1297 1279 1395 1330 sub
1420 1295 1554 1329 una:

217 1348 299 1400 Tu
325 1349 488 1417 punis
513 1352 637 1418 post
661 1349 774 1402 fata.
797 1367 917 1402 reos
943 1351 997 1401 et
1028 1349 1233 1401 uiscera
1261 1366 1446 1416 866110,

214 1417 584 1488 Persephone,
612 1419 705 1472 das
730 1422 916 1472 nostra
941 1421 1086 1487 cani,
1116 1422 1241 1487 post
1265 1435 1433 1487 regna
1452 1417 1691 1470 barathri

105 1497 191 1539 415
215 1487 362 1550 Quae
387 1489 597 1542 uultum
622 1493 830 1542 mutare
856 1490 994 1542 soles
1019 1490 1201 1542 uisura
1225 1489 1552 1541 Tonantem:

211 1557 298 1612 Da
322 1559 563 1627 ueniam,
590 1559 780 1612 Medea
802 1577 1015 1628 precor,
1043 1578 1164 1612 cum
1189 1559 1335 1611 clade
1362 1577 1580 1611 suorum

210 1628 336 1682 Non
366 1629 516 1682 decet
539 1630 621 1682 ira
647 1629 787 1683 (1608.
838 1648 1047 1683 mereor
1082 1648 1180 1699 pro
1209 1629 1430 1682 crimine
1455 1646 1713 1697 poenam,

217 1699 292 1751 Te
316 1699 543 1752 feriente
568 1703 773 1769 tamen,
800 1719 912 1754 non
936 1703 998 1752 ut
1021 1699 1295 1752 mendicus
1319 1699 1480 1751 Iason

215 1768 300 1823 Sit
322 1770 543 1838 uindex,
570 1771 781 1839 regina,
807 1773 957 1839 tuus,
985 1771 1077 1839 qui
1103 1770 1342 1823 criminis
1368 1772 1555 1822 auctor

105 1849 191 1890 420
211 1839 333 1908 Ipse
359 1839 478 1892 fuit.
528 1841 778 1892 miseram
804 1841 949 1893 solus
973 1859 1086 1893 non
1109 1841 1302 1908 puniat
1326 1857 1419 1892 oro

213 1909 317 1971 Qui
342 1928 550 1962 mecum
575 1910 847 1963 feriendus
873 1914 1020 1963 erat:
1057 1911 1370 1977 cuicumque
1396 1909 1604 1961 iubebis

213 1978 365 2033 Colla
390 1998 520 2048 paro
546 1981 730 2034 feriat:
768 1983 979 2034 tantum
1004 1998 1073 2032 ne
1099 1981 1254 2050 uirgo
1285 1979 1532 2032 Creontis
1733 1987 1786 2026 u»-
1812 1985 1871 2026 91]

211 2049 514 2102 Discidium
538 2051 714 2119 pariat
736 2054 957 2103 nautam
983 2050 1206 2103 ductura
1230 2050 1496 2102 maritum.

211 2119 421 2172 Exaudi
445 2120 728 2185 famulam,
759 2121 911 2174 dolor
938 2124 1040 2189 est,
1067 2139 1180 2173 non
1206 2120 1349 2172 zelus
1373 2119 1549 2172 Iason.

104 2199 191 2240 425
215 2188 461 2259 Quinque
506 2191 643 2244 dabo
689 2191 909 2244 inferias
944 2223 1012 2228 —
1049 2194 1131 2243 sat
1165 2193 1324 2243 erunt
1359 2208 1457 2258 pro
1489 2190 1710 2243 crimine

1289 2263 1474 2313 nostro
1501 2292 1569 2299 —

211 2329 470 2383 Inlustres
496 2331 725 2398 animas,
751 2332 966 2383 niueam
993 2349 1112 2383 cum
1137 2330 1328 2383 Iasone
1356 2330 1619 2398 Glaucen,

212 2398 478 2452 Mortibus
504 2401 782 2453 amborum
809 2419 990 2470 regem
1016 2419 1175 2469 super
1199 2400 1334 2453 addo
1363 2399 1595 2453 Creonta

212 2469 286 2521 Et
309 2473 466 2522 natos
492 2471 793 2524 miseranda
818 2471 975 2539 (11108,
1002 2489 1121 2523 11166
1145 2471 1396 2540 pignora,
1425 2471 1649 2538 supplex

219 2683 304 2723 400
346 2682 503 2723 domus
549 2697 627 2724 ora
669 2684 774 2735 fort.
820 2685 935 2724 aliud
979 2684 1174 2736 quiddam
1219 2686 1261 2722 in
1306 2695 1386 2722 ora
1429 2679 1558 2723 uerbo
1607 2684 1712 2723 latet

104 2737 188 2778 401
234 2738 423 2790 stellis&
462 2750 614 2779 mense
758 2742 841 2781 405
887 2743 1081 2791 pantere
1226 2740 1307 2778 413
1350 2739 1405 2789 cf.
1444 2738 1605 2778 Lucan.
1643 2738 1714 2778 VI

106 2795 202 2833 699.
243 2797 324 2834 700
445 2796 529 2834 414
566 2795 744 2836 baratri
857 2796 940 2836 418
977 2794 1209 2835 mendicus
1249 2796 1325 2835 uia:
1361 2807 1519 2835 sanum.
1587 2807 1711 2835 men-

105 2849 249 2889 titus?
364 2851 447 2890 423
483 2854 617 2903 parat
730 2853 814 2892 425
853 2851 994 2893 dabos
1033 2850 1146 2891 dabo
1178 2866 1204 2904 γ
1231 2847 1239 2902 Ι
1266 2851 1385 2892 erint
1498 2855 1581 2895 426
1612 2852 1710 2890 ani·

103 2915 207 2965 mae
234 2903 240 2958 Ι
267 2904 482 2947 Glaucam
